%YAML 1.1
%TAG !u! tag:unity3d.com,2011:
--- !u!1 &40452316286331198
GameObject:
  m_ObjectHideFlags: 0
  m_CorrespondingSourceObject: {fileID: 0}
  m_PrefabInstance: {fileID: 0}
  m_PrefabAsset: {fileID: 0}
  serializedVersion: 6
  m_Component:
  - component: {fileID: 8750924844463007683}
  m_Layer: 0
  m_Name: mixamorig6:RightHandIndex2
  m_TagString: Untagged
  m_Icon: {fileID: 0}
  m_NavMeshLayer: 0
  m_StaticEditorFlags: 0
  m_IsActive: 1
--- !u!4 &8750924844463007683
Transform:
  m_ObjectHideFlags: 0
  m_CorrespondingSourceObject: {fileID: 0}
  m_PrefabInstance: {fileID: 0}
  m_PrefabAsset: {fileID: 0}
  m_GameObject: {fileID: 40452316286331198}
  m_LocalRotation: {x: -0.03466835, y: -0.0002760174, z: -0.012292994, w: 0.99932325}
  m_LocalPosition: {x: 0.00088758906, y: 0.040218644, z: -0.0027940806}
  m_LocalScale: {x: 1, y: 1, z: 1}
  m_Children:
  - {fileID: 3152092837000378094}
  m_Father: {fileID: 1396649317264245366}
  m_RootOrder: 0
  m_LocalEulerAnglesHint: {x: 0, y: 0, z: 0}
--- !u!1 &64027106326140308
GameObject:
  m_ObjectHideFlags: 0
  m_CorrespondingSourceObject: {fileID: 0}
  m_PrefabInstance: {fileID: 0}
  m_PrefabAsset: {fileID: 0}
  serializedVersion: 6
  m_Component:
  - component: {fileID: 5810401687510912777}
  m_Layer: 0
  m_Name: mixamorig6:LeftHandPinky3
  m_TagString: Untagged
  m_Icon: {fileID: 0}
  m_NavMeshLayer: 0
  m_StaticEditorFlags: 0
  m_IsActive: 1
--- !u!4 &5810401687510912777
Transform:
  m_ObjectHideFlags: 0
  m_CorrespondingSourceObject: {fileID: 0}
  m_PrefabInstance: {fileID: 0}
  m_PrefabAsset: {fileID: 0}
  m_GameObject: {fileID: 64027106326140308}
  m_LocalRotation: {x: 0.00039775306, y: 0.0049955626, z: 0.009547322, w: 0.9999419}
  m_LocalPosition: {x: 0.0004905658, y: -0.025855357, z: -0.000023129885}
  m_LocalScale: {x: 1, y: 1, z: 1}
  m_Children:
  - {fileID: 7647850360611022790}
  m_Father: {fileID: 7603327578161652270}
  m_RootOrder: 0
  m_LocalEulerAnglesHint: {x: 0, y: 0, z: 0}
--- !u!1 &101603649387891881
GameObject:
  m_ObjectHideFlags: 0
  m_CorrespondingSourceObject: {fileID: 0}
  m_PrefabInstance: {fileID: 0}
  m_PrefabAsset: {fileID: 0}
  serializedVersion: 6
  m_Component:
  - component: {fileID: 6247136713481306066}
  m_Layer: 0
  m_Name: mixamorig6:RightHandPinky2
  m_TagString: Untagged
  m_Icon: {fileID: 0}
  m_NavMeshLayer: 0
  m_StaticEditorFlags: 0
  m_IsActive: 1
--- !u!4 &6247136713481306066
Transform:
  m_ObjectHideFlags: 0
  m_CorrespondingSourceObject: {fileID: 0}
  m_PrefabInstance: {fileID: 0}
  m_PrefabAsset: {fileID: 0}
  m_GameObject: {fileID: 101603649387891881}
  m_LocalRotation: {x: 0.0045710225, y: -0.00041334413, z: -0.0015930673, w: 0.9999882}
  m_LocalPosition: {x: -0.00051803864, y: 0.03284238, z: 0.00032938516}
  m_LocalScale: {x: 1, y: 1, z: 1}
  m_Children:
  - {fileID: 2206891886412644570}
  m_Father: {fileID: 1477129458712541616}
  m_RootOrder: 0
  m_LocalEulerAnglesHint: {x: 0, y: 0, z: 0}
--- !u!1 &104920901893682618
GameObject:
  m_ObjectHideFlags: 0
  m_CorrespondingSourceObject: {fileID: 0}
  m_PrefabInstance: {fileID: 0}
  m_PrefabAsset: {fileID: 0}
  serializedVersion: 6
  m_Component:
  - component: {fileID: 8712382123657241112}
  m_Layer: 0
  m_Name: mixamorig6:RightToe_End
  m_TagString: Untagged
  m_Icon: {fileID: 0}
  m_NavMeshLayer: 0
  m_StaticEditorFlags: 0
  m_IsActive: 1
--- !u!4 &8712382123657241112
Transform:
  m_ObjectHideFlags: 0
  m_CorrespondingSourceObject: {fileID: 0}
  m_PrefabInstance: {fileID: 0}
  m_PrefabAsset: {fileID: 0}
  m_GameObject: {fileID: 104920901893682618}
  m_LocalRotation: {x: 0, y: -0, z: -0, w: 1}
  m_LocalPosition: {x: 5.851319e-14, y: 0.073909625, z: -7.677199e-11}
  m_LocalScale: {x: 1, y: 1, z: 1}
  m_Children: []
  m_Father: {fileID: 2939224836681520634}
  m_RootOrder: 0
  m_LocalEulerAnglesHint: {x: 0, y: 0, z: 0}
--- !u!1 &240348794472935518
GameObject:
  m_ObjectHideFlags: 0
  m_CorrespondingSourceObject: {fileID: 0}
  m_PrefabInstance: {fileID: 0}
  m_PrefabAsset: {fileID: 0}
  serializedVersion: 6
  m_Component:
  - component: {fileID: 7397042732606321598}
  m_Layer: 0
  m_Name: mixamorig6:RightLeg
  m_TagString: Untagged
  m_Icon: {fileID: 0}
  m_NavMeshLayer: 0
  m_StaticEditorFlags: 0
  m_IsActive: 1
--- !u!4 &7397042732606321598
Transform:
  m_ObjectHideFlags: 0
  m_CorrespondingSourceObject: {fileID: 0}
  m_PrefabInstance: {fileID: 0}
  m_PrefabAsset: {fileID: 0}
  m_GameObject: {fileID: 240348794472935518}
  m_LocalRotation: {x: -0.034845505, y: 0.00072555867, z: -0.013858133, w: 0.99929637}
  m_LocalPosition: {x: -0.00048348596, y: 0.22789799, z: 0.0010037764}
  m_LocalScale: {x: 1, y: 1, z: 1}
  m_Children:
  - {fileID: 1027907389634179080}
  m_Father: {fileID: 7030905329449099348}
  m_RootOrder: 0
  m_LocalEulerAnglesHint: {x: 0, y: 0, z: 0}
--- !u!1 &410983030993148020
GameObject:
  m_ObjectHideFlags: 0
  m_CorrespondingSourceObject: {fileID: 0}
  m_PrefabInstance: {fileID: 0}
  m_PrefabAsset: {fileID: 0}
  serializedVersion: 6
  m_Component:
  - component: {fileID: 1396649317264245366}
  m_Layer: 0
  m_Name: mixamorig6:RightHandIndex1
  m_TagString: Untagged
  m_Icon: {fileID: 0}
  m_NavMeshLayer: 0
  m_StaticEditorFlags: 0
  m_IsActive: 1
--- !u!4 &1396649317264245366
Transform:
  m_ObjectHideFlags: 0
  m_CorrespondingSourceObject: {fileID: 0}
  m_PrefabInstance: {fileID: 0}
  m_PrefabAsset: {fileID: 0}
  m_GameObject: {fileID: 410983030993148020}
  m_LocalRotation: {x: -0.071185, y: -0.054240774, z: -0.0052056247, w: 0.9959737}
  m_LocalPosition: {x: -0.020234, y: 0.095020995, z: -0.022263}
  m_LocalScale: {x: 1, y: 1, z: 1}
  m_Children:
  - {fileID: 8750924844463007683}
  m_Father: {fileID: 1788352274551752458}
  m_RootOrder: 0
  m_LocalEulerAnglesHint: {x: 0, y: 0, z: 0}
--- !u!1 &426830712080494058
GameObject:
  m_ObjectHideFlags: 0
  m_CorrespondingSourceObject: {fileID: 0}
  m_PrefabInstance: {fileID: 0}
  m_PrefabAsset: {fileID: 0}
  serializedVersion: 6
  m_Component:
  - component: {fileID: 836101806603193620}
  m_Layer: 0
  m_Name: mixamorig6:RightHandIndex4
  m_TagString: Untagged
  m_Icon: {fileID: 0}
  m_NavMeshLayer: 0
  m_StaticEditorFlags: 0
  m_IsActive: 1
--- !u!4 &836101806603193620
Transform:
  m_ObjectHideFlags: 0
  m_CorrespondingSourceObject: {fileID: 0}
  m_PrefabInstance: {fileID: 0}
  m_PrefabAsset: {fileID: 0}
  m_GameObject: {fileID: 426830712080494058}
  m_LocalRotation: {x: 0, y: -0, z: -0, w: 1}
  m_LocalPosition: {x: -0.00018467897, y: 0.027519116, z: -6.261338e-10}
  m_LocalScale: {x: 1, y: 1, z: 1}
  m_Children: []
  m_Father: {fileID: 3152092837000378094}
  m_RootOrder: 0
  m_LocalEulerAnglesHint: {x: 0, y: 0, z: 0}
--- !u!1 &497435572584156229
GameObject:
  m_ObjectHideFlags: 0
  m_CorrespondingSourceObject: {fileID: 0}
  m_PrefabInstance: {fileID: 0}
  m_PrefabAsset: {fileID: 0}
  serializedVersion: 6
  m_Component:
  - component: {fileID: 5177474082087462256}
  m_Layer: 0
  m_Name: mixamorig6:RightHandPinky4
  m_TagString: Untagged
  m_Icon: {fileID: 0}
  m_NavMeshLayer: 0
  m_StaticEditorFlags: 0
  m_IsActive: 1
--- !u!4 &5177474082087462256
Transform:
  m_ObjectHideFlags: 0
  m_CorrespondingSourceObject: {fileID: 0}
  m_PrefabInstance: {fileID: 0}
  m_PrefabAsset: {fileID: 0}
  m_GameObject: {fileID: 497435572584156229}
  m_LocalRotation: {x: 0, y: -0, z: -0, w: 1}
  m_LocalPosition: {x: 0.0000019971708, y: 0.01952412, z: -7.271546e-10}
  m_LocalScale: {x: 1, y: 1, z: 1}
  m_Children: []
  m_Father: {fileID: 2206891886412644570}
  m_RootOrder: 0
  m_LocalEulerAnglesHint: {x: 0, y: 0, z: 0}
--- !u!1 &500016706127220670
GameObject:
  m_ObjectHideFlags: 0
  m_CorrespondingSourceObject: {fileID: 0}
  m_PrefabInstance: {fileID: 0}
  m_PrefabAsset: {fileID: 0}
  serializedVersion: 6
  m_Component:
  - component: {fileID: 2909392440897535637}
  m_Layer: 0
  m_Name: mixamorig6:RightHandRing3
  m_TagString: Untagged
  m_Icon: {fileID: 0}
  m_NavMeshLayer: 0
  m_StaticEditorFlags: 0
  m_IsActive: 1
--- !u!4 &2909392440897535637
Transform:
  m_ObjectHideFlags: 0
  m_CorrespondingSourceObject: {fileID: 0}
  m_PrefabInstance: {fileID: 0}
  m_PrefabAsset: {fileID: 0}
  m_GameObject: {fileID: 500016706127220670}
  m_LocalRotation: {x: -0.0037048925, y: 0.00018187227, z: 0.009089357, w: 0.99995184}
  m_LocalPosition: {x: -0.00052298914, y: 0.03226428, z: -0.0002393251}
  m_LocalScale: {x: 1, y: 1, z: 1}
  m_Children:
  - {fileID: 7252988028843813982}
  m_Father: {fileID: 8029974010008828536}
  m_RootOrder: 0
  m_LocalEulerAnglesHint: {x: 0, y: 0, z: 0}
--- !u!1 &511030479824539194
GameObject:
  m_ObjectHideFlags: 0
  m_CorrespondingSourceObject: {fileID: 0}
  m_PrefabInstance: {fileID: 0}
  m_PrefabAsset: {fileID: 0}
  serializedVersion: 6
  m_Component:
  - component: {fileID: 3875155709953973685}
  m_Layer: 0
  m_Name: mixamorig6:LeftHandRing3
  m_TagString: Untagged
  m_Icon: {fileID: 0}
  m_NavMeshLayer: 0
  m_StaticEditorFlags: 0
  m_IsActive: 1
--- !u!4 &3875155709953973685
Transform:
  m_ObjectHideFlags: 0
  m_CorrespondingSourceObject: {fileID: 0}
  m_PrefabInstance: {fileID: 0}
  m_PrefabAsset: {fileID: 0}
  m_GameObject: {fileID: 511030479824539194}
  m_LocalRotation: {x: -0.0036833321, y: 0.00018218206, z: 0.009088189, w: 0.9999519}
  m_LocalPosition: {x: 0.00052345154, y: -0.03227031, z: 0.00023922813}
  m_LocalScale: {x: 1, y: 1, z: 1}
  m_Children:
  - {fileID: 1937867205527124000}
  m_Father: {fileID: 7958137876622830289}
  m_RootOrder: 0
  m_LocalEulerAnglesHint: {x: 0, y: 0, z: 0}
--- !u!1 &777294676775525625
GameObject:
  m_ObjectHideFlags: 0
  m_CorrespondingSourceObject: {fileID: 0}
  m_PrefabInstance: {fileID: 0}
  m_PrefabAsset: {fileID: 0}
  serializedVersion: 6
  m_Component:
  - component: {fileID: 7100554067598254075}
  m_Layer: 0
  m_Name: mixamorig6:RightForeArm
  m_TagString: Untagged
  m_Icon: {fileID: 0}
  m_NavMeshLayer: 0
  m_StaticEditorFlags: 0
  m_IsActive: 1
--- !u!4 &7100554067598254075
Transform:
  m_ObjectHideFlags: 0
  m_CorrespondingSourceObject: {fileID: 0}
  m_PrefabInstance: {fileID: 0}
  m_PrefabAsset: {fileID: 0}
  m_GameObject: {fileID: 777294676775525625}
  m_LocalRotation: {x: 0.0000004380414, y: -0.001905589, z: 0.00000028263617, w: 0.9999982}
  m_LocalPosition: {x: 1.4639216e-10, y: 0.23596397, z: 0.000000001579289}
  m_LocalScale: {x: 1, y: 1, z: 1}
  m_Children:
  - {fileID: 1788352274551752458}
  m_Father: {fileID: 6531594751749402428}
  m_RootOrder: 0
  m_LocalEulerAnglesHint: {x: 0, y: 0, z: 0}
--- !u!1 &865717726362828986
GameObject:
  m_ObjectHideFlags: 0
  m_CorrespondingSourceObject: {fileID: 0}
  m_PrefabInstance: {fileID: 0}
  m_PrefabAsset: {fileID: 0}
  serializedVersion: 6
  m_Component:
  - component: {fileID: 485781623522496729}
  m_Layer: 0
  m_Name: mixamorig6:Hips
  m_TagString: Untagged
  m_Icon: {fileID: 0}
  m_NavMeshLayer: 0
  m_StaticEditorFlags: 0
  m_IsActive: 1
--- !u!4 &485781623522496729
Transform:
  m_ObjectHideFlags: 0
  m_CorrespondingSourceObject: {fileID: 0}
  m_PrefabInstance: {fileID: 0}
  m_PrefabAsset: {fileID: 0}
  m_GameObject: {fileID: 865717726362828986}
  m_LocalRotation: {x: 0.0000021875467, y: 0.0000016984613, z: -0.00006883492, w: 1}
  m_LocalPosition: {x: 0.000004775034, y: 0.64021766, z: 0.0118938275}
  m_LocalScale: {x: 1, y: 1, z: 1}
  m_Children:
  - {fileID: 7592530679183062868}
  - {fileID: 7030905329449099348}
  - {fileID: 2386561807328096782}
  m_Father: {fileID: 8683822798392074295}
  m_RootOrder: 1
  m_LocalEulerAnglesHint: {x: 0, y: 0, z: 0}
--- !u!1 &1021051113935051387
GameObject:
  m_ObjectHideFlags: 0
  m_CorrespondingSourceObject: {fileID: 0}
  m_PrefabInstance: {fileID: 0}
  m_PrefabAsset: {fileID: 0}
  serializedVersion: 6
  m_Component:
  - component: {fileID: 396189056539130848}
  m_Layer: 0
  m_Name: mixamorig6:HeadTop_End
  m_TagString: Untagged
  m_Icon: {fileID: 0}
  m_NavMeshLayer: 0
  m_StaticEditorFlags: 0
  m_IsActive: 1
--- !u!4 &396189056539130848
Transform:
  m_ObjectHideFlags: 0
  m_CorrespondingSourceObject: {fileID: 0}
  m_PrefabInstance: {fileID: 0}
  m_PrefabAsset: {fileID: 0}
  m_GameObject: {fileID: 1021051113935051387}
  m_LocalRotation: {x: 6.938894e-18, y: -0, z: -0, w: 1}
  m_LocalPosition: {x: -0, y: 0.525422, z: 0.17170085}
  m_LocalScale: {x: 1, y: 1, z: 1}
  m_Children: []
  m_Father: {fileID: 749218020969412995}
  m_RootOrder: 0
  m_LocalEulerAnglesHint: {x: 0, y: 0, z: 0}
--- !u!1 &1155723799088987925
GameObject:
  m_ObjectHideFlags: 0
  m_CorrespondingSourceObject: {fileID: 0}
  m_PrefabInstance: {fileID: 0}
  m_PrefabAsset: {fileID: 0}
  serializedVersion: 6
  m_Component:
  - component: {fileID: 7489420538499272080}
  - component: {fileID: 8334903141972030925}
  m_Layer: 0
  m_Name: Ch09
  m_TagString: Untagged
  m_Icon: {fileID: 0}
  m_NavMeshLayer: 0
  m_StaticEditorFlags: 0
  m_IsActive: 1
--- !u!4 &7489420538499272080
Transform:
  m_ObjectHideFlags: 0
  m_CorrespondingSourceObject: {fileID: 0}
  m_PrefabInstance: {fileID: 0}
  m_PrefabAsset: {fileID: 0}
  m_GameObject: {fileID: 1155723799088987925}
  m_LocalRotation: {x: 0, y: -0, z: -0, w: 1}
  m_LocalPosition: {x: -0, y: 0, z: 0}
  m_LocalScale: {x: 1, y: 1, z: 1}
  m_Children: []
  m_Father: {fileID: 8683822798392074295}
  m_RootOrder: 0
  m_LocalEulerAnglesHint: {x: 0, y: 0, z: 0}
--- !u!137 &8334903141972030925
SkinnedMeshRenderer:
  m_ObjectHideFlags: 0
  m_CorrespondingSourceObject: {fileID: 0}
  m_PrefabInstance: {fileID: 0}
  m_PrefabAsset: {fileID: 0}
  m_GameObject: {fileID: 1155723799088987925}
  m_Enabled: 1
  m_CastShadows: 1
  m_ReceiveShadows: 1
  m_DynamicOccludee: 1
  m_MotionVectors: 1
  m_LightProbeUsage: 1
  m_ReflectionProbeUsage: 1
  m_RenderingLayerMask: 1
  m_RendererPriority: 0
  m_Materials:
  - {fileID: 2100000, guid: e9b923d9802627e4994c3e47b4eeee4e, type: 2}
  m_StaticBatchInfo:
    firstSubMesh: 0
    subMeshCount: 0
  m_StaticBatchRoot: {fileID: 0}
  m_ProbeAnchor: {fileID: 0}
  m_LightProbeVolumeOverride: {fileID: 0}
  m_ScaleInLightmap: 1
  m_ReceiveGI: 1
  m_PreserveUVs: 0
  m_IgnoreNormalsForChartDetection: 0
  m_ImportantGI: 0
  m_StitchLightmapSeams: 1
  m_SelectedEditorRenderState: 3
  m_MinimumChartSize: 4
  m_AutoUVMaxDistance: 0.5
  m_AutoUVMaxAngle: 89
  m_LightmapParameters: {fileID: 0}
  m_SortingLayerID: 0
  m_SortingLayer: 0
  m_SortingOrder: 0
  serializedVersion: 2
  m_Quality: 0
  m_UpdateWhenOffscreen: 0
  m_SkinnedMotionVectors: 1
  m_Mesh: {fileID: 3143485803880685963, guid: 312de5f151b93104b9fe95efd980f5ed, type: 3}
  m_Bones:
  - {fileID: 485781623522496729}
  - {fileID: 2386561807328096782}
  - {fileID: 8766293428018544312}
  - {fileID: 3710983043598226582}
  - {fileID: 7560376588021531713}
  - {fileID: 749218020969412995}
  - {fileID: 396189056539130848}
  - {fileID: 4406030832586456373}
  - {fileID: 314178835840871938}
  - {fileID: 16024087518188280}
  - {fileID: 2500824650758814454}
  - {fileID: 4577550445409405328}
  - {fileID: 1537753339343894658}
  - {fileID: 8022844744855604604}
  - {fileID: 2720083986673304528}
  - {fileID: 7532491818471712030}
  - {fileID: 6231450354500915813}
  - {fileID: 4929120327957091904}
  - {fileID: 67077697262912393}
  - {fileID: 3745545118530918787}
  - {fileID: 6491518671520154163}
  - {fileID: 820149908824832835}
  - {fileID: 2756245828739949426}
  - {fileID: 2869681306857569392}
  - {fileID: 7958137876622830289}
  - {fileID: 3875155709953973685}
  - {fileID: 1937867205527124000}
  - {fileID: 3979037297245310798}
  - {fileID: 7603327578161652270}
  - {fileID: 5810401687510912777}
  - {fileID: 7647850360611022790}
  - {fileID: 9124805073944085771}
  - {fileID: 6531594751749402428}
  - {fileID: 7100554067598254075}
  - {fileID: 1788352274551752458}
  - {fileID: 1069646641375253640}
  - {fileID: 1768447041816679272}
  - {fileID: 5957050808574705437}
  - {fileID: 2860173646154902262}
  - {fileID: 1396649317264245366}
  - {fileID: 8750924844463007683}
  - {fileID: 3152092837000378094}
  - {fileID: 836101806603193620}
  - {fileID: 7437127418476920164}
  - {fileID: 7268945120887908946}
  - {fileID: 3631450387478628916}
  - {fileID: 4242902083103851280}
  - {fileID: 3332279011282823046}
  - {fileID: 8029974010008828536}
  - {fileID: 2909392440897535637}
  - {fileID: 7252988028843813982}
  - {fileID: 1477129458712541616}
  - {fileID: 6247136713481306066}
  - {fileID: 2206891886412644570}
  - {fileID: 5177474082087462256}
  - {fileID: 7592530679183062868}
  - {fileID: 7770557799964492168}
  - {fileID: 3771642211893582105}
  - {fileID: 3232940043696455305}
  - {fileID: 5184907893806345961}
  - {fileID: 7030905329449099348}
  - {fileID: 7397042732606321598}
  - {fileID: 1027907389634179080}
  - {fileID: 2939224836681520634}
  - {fileID: 8712382123657241112}
  m_BlendShapeWeights: []
  m_RootBone: {fileID: 485781623522496729}
  m_AABB:
    m_Center: {x: -0.000050514936, y: 0.09036967, z: 0.12523633}
    m_Extent: {x: 0.75169814, y: 0.87624216, z: 0.3826881}
  m_DirtyAABB: 0
--- !u!1 &1319289965773303230
GameObject:
  m_ObjectHideFlags: 0
  m_CorrespondingSourceObject: {fileID: 0}
  m_PrefabInstance: {fileID: 0}
  m_PrefabAsset: {fileID: 0}
  serializedVersion: 6
  m_Component:
  - component: {fileID: 7252988028843813982}
  m_Layer: 0
  m_Name: mixamorig6:RightHandRing4
  m_TagString: Untagged
  m_Icon: {fileID: 0}
  m_NavMeshLayer: 0
  m_StaticEditorFlags: 0
  m_IsActive: 1
--- !u!4 &7252988028843813982
Transform:
  m_ObjectHideFlags: 0
  m_CorrespondingSourceObject: {fileID: 0}
  m_PrefabInstance: {fileID: 0}
  m_PrefabAsset: {fileID: 0}
  m_GameObject: {fileID: 1319289965773303230}
  m_LocalRotation: {x: 0, y: -0, z: -0, w: 1}
  m_LocalPosition: {x: 0.000046832753, y: 0.023832763, z: -3.2321323e-10}
  m_LocalScale: {x: 1, y: 1, z: 1}
  m_Children: []
  m_Father: {fileID: 2909392440897535637}
  m_RootOrder: 0
  m_LocalEulerAnglesHint: {x: 0, y: 0, z: 0}
--- !u!1 &1328262055686634435
GameObject:
  m_ObjectHideFlags: 0
  m_CorrespondingSourceObject: {fileID: 0}
  m_PrefabInstance: {fileID: 0}
  m_PrefabAsset: {fileID: 0}
  serializedVersion: 6
  m_Component:
  - component: {fileID: 1788352274551752458}
  m_Layer: 0
  m_Name: mixamorig6:RightHand
  m_TagString: Untagged
  m_Icon: {fileID: 0}
  m_NavMeshLayer: 0
  m_StaticEditorFlags: 0
  m_IsActive: 1
--- !u!4 &1788352274551752458
Transform:
  m_ObjectHideFlags: 0
  m_CorrespondingSourceObject: {fileID: 0}
  m_PrefabInstance: {fileID: 0}
  m_PrefabAsset: {fileID: 0}
  m_GameObject: {fileID: 1328262055686634435}
  m_LocalRotation: {x: 0.10619266, y: 0.13590817, z: 0.009393488, w: 0.98496896}
  m_LocalPosition: {x: -0, y: 0.21446599, z: 0}
  m_LocalScale: {x: 1, y: 1, z: 1}
  m_Children:
  - {fileID: 1396649317264245366}
  - {fileID: 7437127418476920164}
  - {fileID: 1477129458712541616}
  - {fileID: 3332279011282823046}
  - {fileID: 1069646641375253640}
  m_Father: {fileID: 7100554067598254075}
  m_RootOrder: 0
  m_LocalEulerAnglesHint: {x: 0, y: 0, z: 0}
--- !u!1 &1363188145927402796
GameObject:
  m_ObjectHideFlags: 0
  m_CorrespondingSourceObject: {fileID: 0}
  m_PrefabInstance: {fileID: 0}
  m_PrefabAsset: {fileID: 0}
  serializedVersion: 6
  m_Component:
  - component: {fileID: 7560376588021531713}
  m_Layer: 0
  m_Name: mixamorig6:Neck
  m_TagString: Untagged
  m_Icon: {fileID: 0}
  m_NavMeshLayer: 0
  m_StaticEditorFlags: 0
  m_IsActive: 1
--- !u!4 &7560376588021531713
Transform:
  m_ObjectHideFlags: 0
  m_CorrespondingSourceObject: {fileID: 0}
  m_PrefabInstance: {fileID: 0}
  m_PrefabAsset: {fileID: 0}
  m_GameObject: {fileID: 1363188145927402796}
  m_LocalRotation: {x: -0.0072022965, y: -6.7760875e-21, z: 4.8804647e-23, w: 0.9999741}
  m_LocalPosition: {x: -0, y: 0.09439387, z: 3.6690123e-10}
  m_LocalScale: {x: 1, y: 1, z: 1}
  m_Children:
  - {fileID: 749218020969412995}
  m_Father: {fileID: 3710983043598226582}
  m_RootOrder: 1
  m_LocalEulerAnglesHint: {x: 0, y: 0, z: 0}
--- !u!1 &1704729168770733494
GameObject:
  m_ObjectHideFlags: 0
  m_CorrespondingSourceObject: {fileID: 0}
  m_PrefabInstance: {fileID: 0}
  m_PrefabAsset: {fileID: 0}
  serializedVersion: 6
  m_Component:
  - component: {fileID: 7030905329449099348}
  m_Layer: 0
  m_Name: mixamorig6:RightUpLeg
  m_TagString: Untagged
  m_Icon: {fileID: 0}
  m_NavMeshLayer: 0
  m_StaticEditorFlags: 0
  m_IsActive: 1
--- !u!4 &7030905329449099348
Transform:
  m_ObjectHideFlags: 0
  m_CorrespondingSourceObject: {fileID: 0}
  m_PrefabInstance: {fileID: 0}
  m_PrefabAsset: {fileID: 0}
  m_GameObject: {fileID: 1704729168770733494}
  m_LocalRotation: {x: 0.00048495003, y: -0.002814233, z: 0.9999712, w: -0.007031745}
  m_LocalPosition: {x: 0.07293951, y: -0.03492218, z: -0.008851045}
  m_LocalScale: {x: 1, y: 1, z: 1}
  m_Children:
  - {fileID: 7397042732606321598}
  m_Father: {fileID: 485781623522496729}
  m_RootOrder: 1
  m_LocalEulerAnglesHint: {x: 0, y: 0, z: 0}
--- !u!1 &1738972843829133034
GameObject:
  m_ObjectHideFlags: 0
  m_CorrespondingSourceObject: {fileID: 0}
  m_PrefabInstance: {fileID: 0}
  m_PrefabAsset: {fileID: 0}
  serializedVersion: 6
  m_Component:
  - component: {fileID: 4242902083103851280}
  m_Layer: 0
  m_Name: mixamorig6:RightHandMiddle4
  m_TagString: Untagged
  m_Icon: {fileID: 0}
  m_NavMeshLayer: 0
  m_StaticEditorFlags: 0
  m_IsActive: 1
--- !u!4 &4242902083103851280
Transform:
  m_ObjectHideFlags: 0
  m_CorrespondingSourceObject: {fileID: 0}
  m_PrefabInstance: {fileID: 0}
  m_PrefabAsset: {fileID: 0}
  m_GameObject: {fileID: 1738972843829133034}
  m_LocalRotation: {x: 0, y: -0, z: -0, w: 1}
  m_LocalPosition: {x: -0.00014262226, y: 0.027829539, z: -0.0000000014521242}
  m_LocalScale: {x: 1, y: 1, z: 1}
  m_Children: []
  m_Father: {fileID: 3631450387478628916}
  m_RootOrder: 0
  m_LocalEulerAnglesHint: {x: 0, y: 0, z: 0}
--- !u!1 &1784073502922256342
GameObject:
  m_ObjectHideFlags: 0
  m_CorrespondingSourceObject: {fileID: 0}
  m_PrefabInstance: {fileID: 0}
  m_PrefabAsset: {fileID: 0}
  serializedVersion: 6
  m_Component:
  - component: {fileID: 67077697262912393}
  m_Layer: 0
  m_Name: mixamorig6:LeftHandIndex4
  m_TagString: Untagged
  m_Icon: {fileID: 0}
  m_NavMeshLayer: 0
  m_StaticEditorFlags: 0
  m_IsActive: 1
--- !u!4 &67077697262912393
Transform:
  m_ObjectHideFlags: 0
  m_CorrespondingSourceObject: {fileID: 0}
  m_PrefabInstance: {fileID: 0}
  m_PrefabAsset: {fileID: 0}
  m_GameObject: {fileID: 1784073502922256342}
  m_LocalRotation: {x: 0, y: -0, z: -0, w: 1}
  m_LocalPosition: {x: 0.00018509019, y: -0.027514206, z: 0.00000065039546}
  m_LocalScale: {x: 1, y: 1, z: 1}
  m_Children: []
  m_Father: {fileID: 4929120327957091904}
  m_RootOrder: 0
  m_LocalEulerAnglesHint: {x: 0, y: 0, z: 0}
--- !u!1 &1788646321440931392
GameObject:
  m_ObjectHideFlags: 0
  m_CorrespondingSourceObject: {fileID: 0}
  m_PrefabInstance: {fileID: 0}
  m_PrefabAsset: {fileID: 0}
  serializedVersion: 6
  m_Component:
  - component: {fileID: 8022844744855604604}
  m_Layer: 0
  m_Name: LeftHandThumb3
  m_TagString: Untagged
  m_Icon: {fileID: 0}
  m_NavMeshLayer: 0
  m_StaticEditorFlags: 0
  m_IsActive: 1
--- !u!4 &8022844744855604604
Transform:
  m_ObjectHideFlags: 0
  m_CorrespondingSourceObject: {fileID: 0}
  m_PrefabInstance: {fileID: 0}
  m_PrefabAsset: {fileID: 0}
  m_GameObject: {fileID: 1788646321440931392}
  m_LocalRotation: {x: 0.0028293326, y: 0.000702419, z: -0.02508504, w: 0.9996811}
  m_LocalPosition: {x: -0.0035887235, y: -0.0443018, z: -0.0002494095}
  m_LocalScale: {x: 1, y: 1, z: 1}
  m_Children:
  - {fileID: 2720083986673304528}
  m_Father: {fileID: 1537753339343894658}
  m_RootOrder: 0
  m_LocalEulerAnglesHint: {x: 0, y: 0, z: 0}
--- !u!1 &1990393315813431435
GameObject:
  m_ObjectHideFlags: 0
  m_CorrespondingSourceObject: {fileID: 0}
  m_PrefabInstance: {fileID: 0}
  m_PrefabAsset: {fileID: 0}
  serializedVersion: 6
  m_Component:
  - component: {fileID: 9124805073944085771}
  m_Layer: 0
  m_Name: mixamorig6:RightShoulder
  m_TagString: Untagged
  m_Icon: {fileID: 0}
  m_NavMeshLayer: 0
  m_StaticEditorFlags: 0
  m_IsActive: 1
--- !u!4 &9124805073944085771
Transform:
  m_ObjectHideFlags: 0
  m_CorrespondingSourceObject: {fileID: 0}
  m_PrefabInstance: {fileID: 0}
  m_PrefabAsset: {fileID: 0}
  m_GameObject: {fileID: 1990393315813431435}
  m_LocalRotation: {x: -0.5846141, y: -0.39775506, z: 0.58466226, w: -0.3977277}
  m_LocalPosition: {x: 0.02956797, y: 0.08269446, z: -0.0000029855103}
  m_LocalScale: {x: 1, y: 1, z: 1}
  m_Children:
  - {fileID: 6531594751749402428}
  m_Father: {fileID: 3710983043598226582}
  m_RootOrder: 2
  m_LocalEulerAnglesHint: {x: 0, y: 0, z: 0}
--- !u!1 &2089617082007076793
GameObject:
  m_ObjectHideFlags: 0
  m_CorrespondingSourceObject: {fileID: 0}
  m_PrefabInstance: {fileID: 0}
  m_PrefabAsset: {fileID: 0}
  serializedVersion: 6
  m_Component:
  - component: {fileID: 3979037297245310798}
  m_Layer: 0
  m_Name: mixamorig6:LeftHandPinky1
  m_TagString: Untagged
  m_Icon: {fileID: 0}
  m_NavMeshLayer: 0
  m_StaticEditorFlags: 0
  m_IsActive: 1
--- !u!4 &3979037297245310798
Transform:
  m_ObjectHideFlags: 0
  m_CorrespondingSourceObject: {fileID: 0}
  m_PrefabInstance: {fileID: 0}
  m_PrefabAsset: {fileID: 0}
  m_GameObject: {fileID: 2089617082007076793}
  m_LocalRotation: {x: -0.10943016, y: -0.04006935, z: -0.027706165, w: 0.99280006}
  m_LocalPosition: {x: -0.046359837, y: -0.08446424, z: -0.0009365633}
  m_LocalScale: {x: 1, y: 1, z: 1}
  m_Children:
  - {fileID: 7603327578161652270}
  m_Father: {fileID: 2500824650758814454}
  m_RootOrder: 2
  m_LocalEulerAnglesHint: {x: 0, y: 0, z: 0}
--- !u!1 &2116691051258156585
GameObject:
  m_ObjectHideFlags: 0
  m_CorrespondingSourceObject: {fileID: 0}
  m_PrefabInstance: {fileID: 0}
  m_PrefabAsset: {fileID: 0}
  serializedVersion: 6
  m_Component:
  - component: {fileID: 2206891886412644570}
  m_Layer: 0
  m_Name: mixamorig6:RightHandPinky3
  m_TagString: Untagged
  m_Icon: {fileID: 0}
  m_NavMeshLayer: 0
  m_StaticEditorFlags: 0
  m_IsActive: 1
--- !u!4 &2206891886412644570
Transform:
  m_ObjectHideFlags: 0
  m_CorrespondingSourceObject: {fileID: 0}
  m_PrefabInstance: {fileID: 0}
  m_PrefabAsset: {fileID: 0}
  m_GameObject: {fileID: 2116691051258156585}
  m_LocalRotation: {x: 0.00039785178, y: 0.0049954755, z: 0.009529021, w: 0.99994206}
  m_LocalPosition: {x: -0.00049012207, y: 0.02585157, z: 0.00002285757}
  m_LocalScale: {x: 1, y: 1, z: 1}
  m_Children:
  - {fileID: 5177474082087462256}
  m_Father: {fileID: 6247136713481306066}
  m_RootOrder: 0
  m_LocalEulerAnglesHint: {x: 0, y: 0, z: 0}
--- !u!1 &2277870842983078415
GameObject:
  m_ObjectHideFlags: 0
  m_CorrespondingSourceObject: {fileID: 0}
  m_PrefabInstance: {fileID: 0}
  m_PrefabAsset: {fileID: 0}
  serializedVersion: 6
  m_Component:
  - component: {fileID: 8029974010008828536}
  m_Layer: 0
  m_Name: mixamorig6:RightHandRing2
  m_TagString: Untagged
  m_Icon: {fileID: 0}
  m_NavMeshLayer: 0
  m_StaticEditorFlags: 0
  m_IsActive: 1
--- !u!4 &8029974010008828536
Transform:
  m_ObjectHideFlags: 0
  m_CorrespondingSourceObject: {fileID: 0}
  m_PrefabInstance: {fileID: 0}
  m_PrefabAsset: {fileID: 0}
  m_GameObject: {fileID: 2277870842983078415}
  m_LocalRotation: {x: 0.02823049, y: -0.000050303566, z: 0.0030271907, w: 0.99959683}
  m_LocalPosition: {x: -0.0009626877, y: 0.043196052, z: 0.0021210588}
  m_LocalScale: {x: 1, y: 1, z: 1}
  m_Children:
  - {fileID: 2909392440897535637}
  m_Father: {fileID: 3332279011282823046}
  m_RootOrder: 0
  m_LocalEulerAnglesHint: {x: 0, y: 0, z: 0}
--- !u!1 &2602681528342489782
GameObject:
  m_ObjectHideFlags: 0
  m_CorrespondingSourceObject: {fileID: 0}
  m_PrefabInstance: {fileID: 0}
  m_PrefabAsset: {fileID: 0}
  serializedVersion: 6
  m_Component:
  - component: {fileID: 2720083986673304528}
  m_Layer: 0
  m_Name: LeftHandThumb4
  m_TagString: Untagged
  m_Icon: {fileID: 0}
  m_NavMeshLayer: 0
  m_StaticEditorFlags: 0
  m_IsActive: 1
--- !u!4 &2720083986673304528
Transform:
  m_ObjectHideFlags: 0
  m_CorrespondingSourceObject: {fileID: 0}
  m_PrefabInstance: {fileID: 0}
  m_PrefabAsset: {fileID: 0}
  m_GameObject: {fileID: 2602681528342489782}
  m_LocalRotation: {x: 0, y: -0, z: -0, w: 1}
  m_LocalPosition: {x: -0.00097562466, y: -0.031828463, z: -0.00000089651576}
  m_LocalScale: {x: 1, y: 1, z: 1}
  m_Children: []
  m_Father: {fileID: 8022844744855604604}
  m_RootOrder: 0
  m_LocalEulerAnglesHint: {x: 0, y: 0, z: 0}
--- !u!1 &2635558939424156062
GameObject:
  m_ObjectHideFlags: 0
  m_CorrespondingSourceObject: {fileID: 0}
  m_PrefabInstance: {fileID: 0}
  m_PrefabAsset: {fileID: 0}
  serializedVersion: 6
  m_Component:
  - component: {fileID: 3710983043598226582}
  m_Layer: 0
  m_Name: mixamorig6:Spine2
  m_TagString: Untagged
  m_Icon: {fileID: 0}
  m_NavMeshLayer: 0
  m_StaticEditorFlags: 0
  m_IsActive: 1
--- !u!4 &3710983043598226582
Transform:
  m_ObjectHideFlags: 0
  m_CorrespondingSourceObject: {fileID: 0}
  m_PrefabInstance: {fileID: 0}
  m_PrefabAsset: {fileID: 0}
  m_GameObject: {fileID: 2635558939424156062}
  m_LocalRotation: {x: 8.6736174e-19, y: -0, z: -8.480255e-30, w: 1}
  m_LocalPosition: {x: -0, y: 0.08390573, z: 3.426619e-11}
  m_LocalScale: {x: 1, y: 1, z: 1}
  m_Children:
  - {fileID: 4406030832586456373}
  - {fileID: 7560376588021531713}
  - {fileID: 9124805073944085771}
  m_Father: {fileID: 8766293428018544312}
  m_RootOrder: 0
  m_LocalEulerAnglesHint: {x: 0, y: 0, z: 0}
--- !u!1 &2732599872218121815
GameObject:
  m_ObjectHideFlags: 0
  m_CorrespondingSourceObject: {fileID: 0}
  m_PrefabInstance: {fileID: 0}
  m_PrefabAsset: {fileID: 0}
  serializedVersion: 6
  m_Component:
  - component: {fileID: 6231450354500915813}
  m_Layer: 0
  m_Name: mixamorig6:LeftHandIndex2
  m_TagString: Untagged
  m_Icon: {fileID: 0}
  m_NavMeshLayer: 0
  m_StaticEditorFlags: 0
  m_IsActive: 1
--- !u!4 &6231450354500915813
Transform:
  m_ObjectHideFlags: 0
  m_CorrespondingSourceObject: {fileID: 0}
  m_PrefabInstance: {fileID: 0}
  m_PrefabAsset: {fileID: 0}
  m_GameObject: {fileID: 2732599872218121815}
  m_LocalRotation: {x: -0.034689825, y: -0.00027645857, z: -0.012306931, w: 0.99932235}
  m_LocalPosition: {x: -0.0008884034, y: -0.040227465, z: 0.0027946532}
  m_LocalScale: {x: 1, y: 1, z: 1}
  m_Children:
  - {fileID: 4929120327957091904}
  m_Father: {fileID: 7532491818471712030}
  m_RootOrder: 0
  m_LocalEulerAnglesHint: {x: 0, y: 0, z: 0}
--- !u!1 &3030440859946482316
GameObject:
  m_ObjectHideFlags: 0
  m_CorrespondingSourceObject: {fileID: 0}
  m_PrefabInstance: {fileID: 0}
  m_PrefabAsset: {fileID: 0}
  serializedVersion: 6
  m_Component:
  - component: {fileID: 1937867205527124000}
  m_Layer: 0
  m_Name: mixamorig6:LeftHandRing4
  m_TagString: Untagged
  m_Icon: {fileID: 0}
  m_NavMeshLayer: 0
  m_StaticEditorFlags: 0
  m_IsActive: 1
--- !u!4 &1937867205527124000
Transform:
  m_ObjectHideFlags: 0
  m_CorrespondingSourceObject: {fileID: 0}
  m_PrefabInstance: {fileID: 0}
  m_PrefabAsset: {fileID: 0}
  m_GameObject: {fileID: 3030440859946482316}
  m_LocalRotation: {x: 0, y: -0, z: -0, w: 1}
  m_LocalPosition: {x: -0.000047176534, y: -0.023827493, z: 0.0000008641672}
  m_LocalScale: {x: 1, y: 1, z: 1}
  m_Children: []
  m_Father: {fileID: 3875155709953973685}
  m_RootOrder: 0
  m_LocalEulerAnglesHint: {x: 0, y: 0, z: 0}
--- !u!1 &3101401351342362155
GameObject:
  m_ObjectHideFlags: 0
  m_CorrespondingSourceObject: {fileID: 0}
  m_PrefabInstance: {fileID: 0}
  m_PrefabAsset: {fileID: 0}
  serializedVersion: 6
  m_Component:
  - component: {fileID: 3631450387478628916}
  m_Layer: 0
  m_Name: mixamorig6:RightHandMiddle3
  m_TagString: Untagged
  m_Icon: {fileID: 0}
  m_NavMeshLayer: 0
  m_StaticEditorFlags: 0
  m_IsActive: 1
--- !u!4 &3631450387478628916
Transform:
  m_ObjectHideFlags: 0
  m_CorrespondingSourceObject: {fileID: 0}
  m_PrefabInstance: {fileID: 0}
  m_PrefabAsset: {fileID: 0}
  m_GameObject: {fileID: 3101401351342362155}
  m_LocalRotation: {x: 0.033585433, y: 0.00012513659, z: -0.0029760168, w: 0.99943143}
  m_LocalPosition: {x: 0.00003194704, y: 0.03899776, z: 0.0026236677}
  m_LocalScale: {x: 1, y: 1, z: 1}
  m_Children:
  - {fileID: 4242902083103851280}
  m_Father: {fileID: 7268945120887908946}
  m_RootOrder: 0
  m_LocalEulerAnglesHint: {x: 0, y: 0, z: 0}
--- !u!1 &3634130260756465144
GameObject:
  m_ObjectHideFlags: 0
  m_CorrespondingSourceObject: {fileID: 0}
  m_PrefabInstance: {fileID: 0}
  m_PrefabAsset: {fileID: 0}
  serializedVersion: 6
  m_Component:
  - component: {fileID: 7532491818471712030}
  m_Layer: 0
  m_Name: mixamorig6:LeftHandIndex1
  m_TagString: Untagged
  m_Icon: {fileID: 0}
  m_NavMeshLayer: 0
  m_StaticEditorFlags: 0
  m_IsActive: 1
--- !u!4 &7532491818471712030
Transform:
  m_ObjectHideFlags: 0
  m_CorrespondingSourceObject: {fileID: 0}
  m_PrefabInstance: {fileID: 0}
  m_PrefabAsset: {fileID: 0}
  m_GameObject: {fileID: 3634130260756465144}
  m_LocalRotation: {x: -0.07117409, y: -0.054241452, z: -0.005206585, w: 0.9959744}
  m_LocalPosition: {x: 0.020234415, y: -0.09501687, z: 0.022262964}
  m_LocalScale: {x: 1, y: 1, z: 1}
  m_Children:
  - {fileID: 6231450354500915813}
  m_Father: {fileID: 2500824650758814454}
  m_RootOrder: 0
  m_LocalEulerAnglesHint: {x: 0, y: 0, z: 0}
--- !u!1 &3740154578123795974
GameObject:
  m_ObjectHideFlags: 0
  m_CorrespondingSourceObject: {fileID: 0}
  m_PrefabInstance: {fileID: 0}
  m_PrefabAsset: {fileID: 0}
  serializedVersion: 6
  m_Component:
  - component: {fileID: 1768447041816679272}
  m_Layer: 0
  m_Name: RightHandThumb2
  m_TagString: Untagged
  m_Icon: {fileID: 0}
  m_NavMeshLayer: 0
  m_StaticEditorFlags: 0
  m_IsActive: 1
--- !u!4 &1768447041816679272
Transform:
  m_ObjectHideFlags: 0
  m_CorrespondingSourceObject: {fileID: 0}
  m_PrefabInstance: {fileID: 0}
  m_PrefabAsset: {fileID: 0}
  m_GameObject: {fileID: 3740154578123795974}
  m_LocalRotation: {x: -0.0326604, y: 0.9993566, z: -0.014765876, w: 0.0012929634}
  m_LocalPosition: {x: -0.005536621, y: 0.037610218, z: -0.0013410739}
  m_LocalScale: {x: 1, y: 1, z: 1}
  m_Children:
  - {fileID: 5957050808574705437}
  m_Father: {fileID: 1069646641375253640}
  m_RootOrder: 0
  m_LocalEulerAnglesHint: {x: 0, y: 0, z: 0}
--- !u!1 &3901304567747067711
GameObject:
  m_ObjectHideFlags: 0
  m_CorrespondingSourceObject: {fileID: 0}
  m_PrefabInstance: {fileID: 0}
  m_PrefabAsset: {fileID: 0}
  serializedVersion: 6
  m_Component:
  - component: {fileID: 3745545118530918787}
  m_Layer: 0
  m_Name: mixamorig6:LeftHandMiddle1
  m_TagString: Untagged
  m_Icon: {fileID: 0}
  m_NavMeshLayer: 0
  m_StaticEditorFlags: 0
  m_IsActive: 1
--- !u!4 &3745545118530918787
Transform:
  m_ObjectHideFlags: 0
  m_CorrespondingSourceObject: {fileID: 0}
  m_PrefabInstance: {fileID: 0}
  m_PrefabAsset: {fileID: 0}
  m_GameObject: {fileID: 3901304567747067711}
  m_LocalRotation: {x: -0.11422684, y: -0.064433746, z: -0.014004499, w: 0.99126405}
  m_LocalPosition: {x: -0.0046562552, y: -0.09606276, z: 0.020310713}
  m_LocalScale: {x: 1, y: 1, z: 1}
  m_Children:
  - {fileID: 6491518671520154163}
  m_Father: {fileID: 2500824650758814454}
  m_RootOrder: 1
  m_LocalEulerAnglesHint: {x: 0, y: 0, z: 0}
--- !u!1 &3933640116627244797
GameObject:
  m_ObjectHideFlags: 0
  m_CorrespondingSourceObject: {fileID: 0}
  m_PrefabInstance: {fileID: 0}
  m_PrefabAsset: {fileID: 0}
  serializedVersion: 6
  m_Component:
  - component: {fileID: 4406030832586456373}
  m_Layer: 0
  m_Name: mixamorig6:LeftShoulder
  m_TagString: Untagged
  m_Icon: {fileID: 0}
  m_NavMeshLayer: 0
  m_StaticEditorFlags: 0
  m_IsActive: 1
--- !u!4 &4406030832586456373
Transform:
  m_ObjectHideFlags: 0
  m_CorrespondingSourceObject: {fileID: 0}
  m_PrefabInstance: {fileID: 0}
  m_PrefabAsset: {fileID: 0}
  m_GameObject: {fileID: 3933640116627244797}
  m_LocalRotation: {x: 0.5874872, y: -0.39617458, z: 0.5808199, w: 0.40069032}
  m_LocalPosition: {x: -0.02956797, y: 0.0826994, z: 0.0003399923}
  m_LocalScale: {x: 1, y: 1, z: 1}
  m_Children:
  - {fileID: 314178835840871938}
  m_Father: {fileID: 3710983043598226582}
  m_RootOrder: 0
  m_LocalEulerAnglesHint: {x: 0, y: 0, z: 0}
--- !u!1 &3943910873233306970
GameObject:
  m_ObjectHideFlags: 0
  m_CorrespondingSourceObject: {fileID: 0}
  m_PrefabInstance: {fileID: 0}
  m_PrefabAsset: {fileID: 0}
  serializedVersion: 6
  m_Component:
  - component: {fileID: 1477129458712541616}
  m_Layer: 0
  m_Name: mixamorig6:RightHandPinky1
  m_TagString: Untagged
  m_Icon: {fileID: 0}
  m_NavMeshLayer: 0
  m_StaticEditorFlags: 0
  m_IsActive: 1
--- !u!4 &1477129458712541616
Transform:
  m_ObjectHideFlags: 0
  m_CorrespondingSourceObject: {fileID: 0}
  m_PrefabInstance: {fileID: 0}
  m_PrefabAsset: {fileID: 0}
  m_GameObject: {fileID: 3943910873233306970}
  m_LocalRotation: {x: -0.10943375, y: -0.040070552, z: -0.027720148, w: 0.99279916}
  m_LocalPosition: {x: 0.046359386, y: 0.08445931, z: 0.0009366129}
  m_LocalScale: {x: 1, y: 1, z: 1}
  m_Children:
  - {fileID: 6247136713481306066}
  m_Father: {fileID: 1788352274551752458}
  m_RootOrder: 2
  m_LocalEulerAnglesHint: {x: 0, y: 0, z: 0}
--- !u!1 &4073874936687255373
GameObject:
  m_ObjectHideFlags: 0
  m_CorrespondingSourceObject: {fileID: 0}
  m_PrefabInstance: {fileID: 0}
  m_PrefabAsset: {fileID: 0}
  serializedVersion: 6
  m_Component:
  - component: {fileID: 3232940043696455305}
  m_Layer: 0
  m_Name: mixamorig6:LeftToeBase
  m_TagString: Untagged
  m_Icon: {fileID: 0}
  m_NavMeshLayer: 0
  m_StaticEditorFlags: 0
  m_IsActive: 1
--- !u!4 &3232940043696455305
Transform:
  m_ObjectHideFlags: 0
  m_CorrespondingSourceObject: {fileID: 0}
  m_PrefabInstance: {fileID: 0}
  m_PrefabAsset: {fileID: 0}
  m_GameObject: {fileID: 4073874936687255373}
  m_LocalRotation: {x: 0.34617627, y: -0.030087382, z: 0.011108465, w: 0.9376211}
  m_LocalPosition: {x: -9.1124386e-11, y: 0.19754805, z: 0.0000000026900502}
  m_LocalScale: {x: 1, y: 1, z: 1}
  m_Children:
  - {fileID: 5184907893806345961}
  m_Father: {fileID: 3771642211893582105}
  m_RootOrder: 0
  m_LocalEulerAnglesHint: {x: 0, y: 0, z: 0}
--- !u!1 &4091843706873590619
GameObject:
  m_ObjectHideFlags: 0
  m_CorrespondingSourceObject: {fileID: 0}
  m_PrefabInstance: {fileID: 0}
  m_PrefabAsset: {fileID: 0}
  serializedVersion: 6
  m_Component:
  - component: {fileID: 2869681306857569392}
  m_Layer: 0
  m_Name: mixamorig6:LeftHandRing1
  m_TagString: Untagged
  m_Icon: {fileID: 0}
  m_NavMeshLayer: 0
  m_StaticEditorFlags: 0
  m_IsActive: 1
--- !u!4 &2869681306857569392
Transform:
  m_ObjectHideFlags: 0
  m_CorrespondingSourceObject: {fileID: 0}
  m_PrefabInstance: {fileID: 0}
  m_PrefabAsset: {fileID: 0}
  m_GameObject: {fileID: 4091843706873590619}
  m_LocalRotation: {x: -0.12871335, y: -0.047911502, z: -0.031067025, w: 0.9900365}
  m_LocalPosition: {x: -0.026829038, y: -0.08852374, z: 0.014581491}
  m_LocalScale: {x: 1, y: 1, z: 1}
  m_Children:
  - {fileID: 7958137876622830289}
  m_Father: {fileID: 2500824650758814454}
  m_RootOrder: 3
  m_LocalEulerAnglesHint: {x: 0, y: 0, z: 0}
--- !u!1 &4205174967990110863
GameObject:
  m_ObjectHideFlags: 0
  m_CorrespondingSourceObject: {fileID: 0}
  m_PrefabInstance: {fileID: 0}
  m_PrefabAsset: {fileID: 0}
  serializedVersion: 6
  m_Component:
  - component: {fileID: 7592530679183062868}
  m_Layer: 0
  m_Name: mixamorig6:LeftUpLeg
  m_TagString: Untagged
  m_Icon: {fileID: 0}
  m_NavMeshLayer: 0
  m_StaticEditorFlags: 0
  m_IsActive: 1
--- !u!4 &7592530679183062868
Transform:
  m_ObjectHideFlags: 0
  m_CorrespondingSourceObject: {fileID: 0}
  m_PrefabInstance: {fileID: 0}
  m_PrefabAsset: {fileID: 0}
  m_GameObject: {fileID: 4205174967990110863}
  m_LocalRotation: {x: -0.0010287233, y: 0.012484855, z: 0.99989796, w: 0.0068728174}
  m_LocalPosition: {x: -0.07293951, y: -0.03492218, z: -0.013486591}
  m_LocalScale: {x: 1, y: 1, z: 1}
  m_Children:
  - {fileID: 7770557799964492168}
  m_Father: {fileID: 485781623522496729}
  m_RootOrder: 0
  m_LocalEulerAnglesHint: {x: 0, y: 0, z: 0}
--- !u!1 &4271304305082514068
GameObject:
  m_ObjectHideFlags: 0
  m_CorrespondingSourceObject: {fileID: 0}
  m_PrefabInstance: {fileID: 0}
  m_PrefabAsset: {fileID: 0}
  serializedVersion: 6
  m_Component:
  - component: {fileID: 5184907893806345961}
  m_Layer: 0
  m_Name: mixamorig6:LeftToe_End
  m_TagString: Untagged
  m_Icon: {fileID: 0}
  m_NavMeshLayer: 0
  m_StaticEditorFlags: 0
  m_IsActive: 1
--- !u!4 &5184907893806345961
Transform:
  m_ObjectHideFlags: 0
  m_CorrespondingSourceObject: {fileID: 0}
  m_PrefabInstance: {fileID: 0}
  m_PrefabAsset: {fileID: 0}
  m_GameObject: {fileID: 4271304305082514068}
  m_LocalRotation: {x: 0, y: -0, z: -0, w: 1}
  m_LocalPosition: {x: -7.780425e-12, y: 0.07431749, z: -6.5370355e-11}
  m_LocalScale: {x: 1, y: 1, z: 1}
  m_Children: []
  m_Father: {fileID: 3232940043696455305}
  m_RootOrder: 0
  m_LocalEulerAnglesHint: {x: 0, y: 0, z: 0}
--- !u!1 &4367322181973819402
GameObject:
  m_ObjectHideFlags: 0
  m_CorrespondingSourceObject: {fileID: 0}
  m_PrefabInstance: {fileID: 0}
  m_PrefabAsset: {fileID: 0}
  serializedVersion: 6
  m_Component:
  - component: {fileID: 4577550445409405328}
  m_Layer: 0
  m_Name: mixamorig6:LeftHandThumb1
  m_TagString: Untagged
  m_Icon: {fileID: 0}
  m_NavMeshLayer: 0
  m_StaticEditorFlags: 0
  m_IsActive: 1
--- !u!4 &4577550445409405328
Transform:
  m_ObjectHideFlags: 0
  m_CorrespondingSourceObject: {fileID: 0}
  m_PrefabInstance: {fileID: 0}
  m_PrefabAsset: {fileID: 0}
  m_GameObject: {fileID: 4367322181973819402}
  m_LocalRotation: {x: 0.13166143, y: -0.1234376, z: 0.18989363, w: 0.96507454}
  m_LocalPosition: {x: 0.017762903, y: -0.027255502, z: 0.000459714}
  m_LocalScale: {x: 1, y: 1, z: 1}
  m_Children:
  - {fileID: 1537753339343894658}
  - {fileID: 7878656072171921556}
  m_Father: {fileID: 2500824650758814454}
  m_RootOrder: 4
  m_LocalEulerAnglesHint: {x: 0, y: 0, z: 0}
--- !u!1 &4549390962511410813
GameObject:
  m_ObjectHideFlags: 0
  m_CorrespondingSourceObject: {fileID: 0}
  m_PrefabInstance: {fileID: 0}
  m_PrefabAsset: {fileID: 0}
  serializedVersion: 6
  m_Component:
  - component: {fileID: 6491518671520154163}
  m_Layer: 0
  m_Name: mixamorig6:LeftHandMiddle2
  m_TagString: Untagged
  m_Icon: {fileID: 0}
  m_NavMeshLayer: 0
  m_StaticEditorFlags: 0
  m_IsActive: 1
--- !u!4 &6491518671520154163
Transform:
  m_ObjectHideFlags: 0
  m_CorrespondingSourceObject: {fileID: 0}
  m_PrefabInstance: {fileID: 0}
  m_PrefabAsset: {fileID: 0}
  m_GameObject: {fileID: 4549390962511410813}
  m_LocalRotation: {x: -0.024754817, y: 0.00021474928, z: -0.003159826, w: 0.99968857}
  m_LocalPosition: {x: -0.00033900276, y: -0.04739907, z: -0.0008366069}
  m_LocalScale: {x: 1, y: 1, z: 1}
  m_Children:
  - {fileID: 820149908824832835}
  m_Father: {fileID: 3745545118530918787}
  m_RootOrder: 0
  m_LocalEulerAnglesHint: {x: 0, y: 0, z: 0}
--- !u!1 &4566122542851505941
GameObject:
  m_ObjectHideFlags: 0
  m_CorrespondingSourceObject: {fileID: 0}
  m_PrefabInstance: {fileID: 0}
  m_PrefabAsset: {fileID: 0}
  serializedVersion: 6
  m_Component:
  - component: {fileID: 820149908824832835}
  m_Layer: 0
  m_Name: mixamorig6:LeftHandMiddle3
  m_TagString: Untagged
  m_Icon: {fileID: 0}
  m_NavMeshLayer: 0
  m_StaticEditorFlags: 0
  m_IsActive: 1
--- !u!4 &820149908824832835
Transform:
  m_ObjectHideFlags: 0
  m_CorrespondingSourceObject: {fileID: 0}
  m_PrefabInstance: {fileID: 0}
  m_PrefabAsset: {fileID: 0}
  m_GameObject: {fileID: 4566122542851505941}
  m_LocalRotation: {x: 0.033561468, y: 0.00012515309, z: -0.002976329, w: 0.99943227}
  m_LocalPosition: {x: -0.0000320101, y: -0.0390048, z: -0.0026239809}
  m_LocalScale: {x: 1, y: 1, z: 1}
  m_Children:
  - {fileID: 2756245828739949426}
  m_Father: {fileID: 6491518671520154163}
  m_RootOrder: 0
  m_LocalEulerAnglesHint: {x: 0, y: 0, z: 0}
--- !u!1 &4622123843432098596
GameObject:
  m_ObjectHideFlags: 0
  m_CorrespondingSourceObject: {fileID: 0}
  m_PrefabInstance: {fileID: 0}
  m_PrefabAsset: {fileID: 0}
  serializedVersion: 6
  m_Component:
  - component: {fileID: 1537753339343894658}
  m_Layer: 0
  m_Name: LeftHandThumb2
  m_TagString: Untagged
  m_Icon: {fileID: 0}
  m_NavMeshLayer: 0
  m_StaticEditorFlags: 0
  m_IsActive: 1
--- !u!4 &1537753339343894658
Transform:
  m_ObjectHideFlags: 0
  m_CorrespondingSourceObject: {fileID: 0}
  m_PrefabInstance: {fileID: 0}
  m_PrefabAsset: {fileID: 0}
  m_GameObject: {fileID: 4622123843432098596}
  m_LocalRotation: {x: -0.032577585, y: 0.9993586, z: -0.014814582, w: 0.0013006522}
  m_LocalPosition: {x: 0.005531855, y: -0.037613977, z: 0.001344382}
  m_LocalScale: {x: 1, y: 1, z: 1}
  m_Children:
  - {fileID: 8022844744855604604}
  m_Father: {fileID: 4577550445409405328}
  m_RootOrder: 0
  m_LocalEulerAnglesHint: {x: 0, y: 0, z: 0}
--- !u!1 &4836605578391505477
GameObject:
  m_ObjectHideFlags: 0
  m_CorrespondingSourceObject: {fileID: 0}
  m_PrefabInstance: {fileID: 0}
  m_PrefabAsset: {fileID: 0}
  serializedVersion: 6
  m_Component:
  - component: {fileID: 7958137876622830289}
  m_Layer: 0
  m_Name: mixamorig6:LeftHandRing2
  m_TagString: Untagged
  m_Icon: {fileID: 0}
  m_NavMeshLayer: 0
  m_StaticEditorFlags: 0
  m_IsActive: 1
--- !u!4 &7958137876622830289
Transform:
  m_ObjectHideFlags: 0
  m_CorrespondingSourceObject: {fileID: 0}
  m_PrefabInstance: {fileID: 0}
  m_PrefabAsset: {fileID: 0}
  m_GameObject: {fileID: 4836605578391505477}
  m_LocalRotation: {x: 0.028229892, y: -0.00005036031, z: 0.0030286952, w: 0.9995969}
  m_LocalPosition: {x: 0.0009626865, y: -0.043196473, z: -0.0021212015}
  m_LocalScale: {x: 1, y: 1, z: 1}
  m_Children:
  - {fileID: 3875155709953973685}
  m_Father: {fileID: 2869681306857569392}
  m_RootOrder: 0
  m_LocalEulerAnglesHint: {x: 0, y: 0, z: 0}
--- !u!1 &4966369611934344374
GameObject:
  m_ObjectHideFlags: 0
  m_CorrespondingSourceObject: {fileID: 0}
  m_PrefabInstance: {fileID: 0}
  m_PrefabAsset: {fileID: 0}
  serializedVersion: 6
  m_Component:
  - component: {fileID: 749218020969412995}
  m_Layer: 0
  m_Name: mixamorig6:Head
  m_TagString: Untagged
  m_Icon: {fileID: 0}
  m_NavMeshLayer: 0
  m_StaticEditorFlags: 0
  m_IsActive: 1
--- !u!4 &749218020969412995
Transform:
  m_ObjectHideFlags: 0
  m_CorrespondingSourceObject: {fileID: 0}
  m_PrefabInstance: {fileID: 0}
  m_PrefabAsset: {fileID: 0}
  m_GameObject: {fileID: 4966369611934344374}
  m_LocalRotation: {x: 0, y: -0, z: -1.2951168e-38, w: 1}
  m_LocalPosition: {x: -0, y: 0.09228294, z: 0.030156828}
  m_LocalScale: {x: 1, y: 1, z: 1}
  m_Children:
  - {fileID: 396189056539130848}
  m_Father: {fileID: 7560376588021531713}
  m_RootOrder: 0
  m_LocalEulerAnglesHint: {x: 0, y: 0, z: 0}
--- !u!1 &5010846815473057793
GameObject:
  m_ObjectHideFlags: 0
  m_CorrespondingSourceObject: {fileID: 0}
  m_PrefabInstance: {fileID: 0}
  m_PrefabAsset: {fileID: 0}
  serializedVersion: 6
  m_Component:
  - component: {fileID: 2756245828739949426}
  m_Layer: 0
  m_Name: mixamorig6:LeftHandMiddle4
  m_TagString: Untagged
  m_Icon: {fileID: 0}
  m_NavMeshLayer: 0
  m_StaticEditorFlags: 0
  m_IsActive: 1
--- !u!4 &2756245828739949426
Transform:
  m_ObjectHideFlags: 0
  m_CorrespondingSourceObject: {fileID: 0}
  m_PrefabInstance: {fileID: 0}
  m_PrefabAsset: {fileID: 0}
  m_GameObject: {fileID: 5010846815473057793}
  m_LocalRotation: {x: 0, y: -0, z: -0, w: 1}
  m_LocalPosition: {x: 0.00014261022, y: -0.027825398, z: -0.0000006296347}
  m_LocalScale: {x: 1, y: 1, z: 1}
  m_Children: []
  m_Father: {fileID: 820149908824832835}
  m_RootOrder: 0
  m_LocalEulerAnglesHint: {x: 0, y: 0, z: 0}
--- !u!1 &5648812917626119226
GameObject:
  m_ObjectHideFlags: 0
  m_CorrespondingSourceObject: {fileID: 0}
  m_PrefabInstance: {fileID: 0}
  m_PrefabAsset: {fileID: 0}
  serializedVersion: 6
  m_Component:
  - component: {fileID: 2500824650758814454}
  m_Layer: 0
  m_Name: mixamorig6:LeftHand
  m_TagString: Untagged
  m_Icon: {fileID: 0}
  m_NavMeshLayer: 0
  m_StaticEditorFlags: 0
  m_IsActive: 1
--- !u!4 &2500824650758814454
Transform:
  m_ObjectHideFlags: 0
  m_CorrespondingSourceObject: {fileID: 0}
  m_PrefabInstance: {fileID: 0}
  m_PrefabAsset: {fileID: 0}
  m_GameObject: {fileID: 5648812917626119226}
  m_LocalRotation: {x: 0.9853526, y: -0.009695292, z: 0.13310324, w: -0.106159724}
  m_LocalPosition: {x: -9.420771e-10, y: 0.214442, z: -0.000000030043456}
  m_LocalScale: {x: 1, y: 1, z: 1}
  m_Children:
  - {fileID: 7532491818471712030}
  - {fileID: 3745545118530918787}
  - {fileID: 3979037297245310798}
  - {fileID: 2869681306857569392}
  - {fileID: 4577550445409405328}
  m_Father: {fileID: 16024087518188280}
  m_RootOrder: 0
  m_LocalEulerAnglesHint: {x: 0, y: 0, z: 0}
--- !u!1 &5681426218865381924
GameObject:
  m_ObjectHideFlags: 0
  m_CorrespondingSourceObject: {fileID: 0}
  m_PrefabInstance: {fileID: 0}
  m_PrefabAsset: {fileID: 0}
  serializedVersion: 6
  m_Component:
  - component: {fileID: 8683822798392074295}
  - component: {fileID: 1587836705498303821}
  - component: {fileID: 4465765556930251552}
  - component: {fileID: 4465765556930251555}
  - component: {fileID: 2716121523294448398}
  m_Layer: 0
  m_Name: Player 1
  m_TagString: Untagged
  m_Icon: {fileID: 0}
  m_NavMeshLayer: 0
  m_StaticEditorFlags: 0
  m_IsActive: 1
--- !u!4 &8683822798392074295
Transform:
  m_ObjectHideFlags: 0
  m_CorrespondingSourceObject: {fileID: 0}
  m_PrefabInstance: {fileID: 0}
  m_PrefabAsset: {fileID: 0}
  m_GameObject: {fileID: 5681426218865381924}
  m_LocalRotation: {x: 0, y: 0, z: 0, w: 1}
  m_LocalPosition: {x: 0.32570362, y: 1.0020342, z: -12.67}
  m_LocalScale: {x: 1.6855, y: 1.6855, z: 1.6855}
  m_Children:
  - {fileID: 7489420538499272080}
  - {fileID: 485781623522496729}
  - {fileID: 7878656071001576108}
  m_Father: {fileID: 0}
  m_RootOrder: 0
  m_LocalEulerAnglesHint: {x: 0, y: 0, z: 0}
--- !u!95 &1587836705498303821
Animator:
  serializedVersion: 3
  m_ObjectHideFlags: 0
  m_CorrespondingSourceObject: {fileID: 0}
  m_PrefabInstance: {fileID: 0}
  m_PrefabAsset: {fileID: 0}
  m_GameObject: {fileID: 5681426218865381924}
  m_Enabled: 1
  m_Avatar: {fileID: 9000000, guid: 312de5f151b93104b9fe95efd980f5ed, type: 3}
  m_Controller: {fileID: 9100000, guid: 3fa770a71ca0f6f4a812d68daa8e0dd5, type: 2}
  m_CullingMode: 1
  m_UpdateMode: 0
  m_ApplyRootMotion: 1
  m_LinearVelocityBlending: 0
  m_WarningMessage: 
  m_HasTransformHierarchy: 1
  m_AllowConstantClipSamplingOptimization: 1
  m_KeepAnimatorControllerStateOnDisable: 0
--- !u!54 &4465765556930251552
Rigidbody:
  m_ObjectHideFlags: 0
  m_CorrespondingSourceObject: {fileID: 0}
  m_PrefabInstance: {fileID: 0}
  m_PrefabAsset: {fileID: 0}
  m_GameObject: {fileID: 5681426218865381924}
  serializedVersion: 2
  m_Mass: 1
  m_Drag: 0
  m_AngularDrag: 0.05
  m_UseGravity: 1
  m_IsKinematic: 0
  m_Interpolate: 0
  m_Constraints: 112
  m_CollisionDetection: 0
--- !u!136 &4465765556930251555
CapsuleCollider:
  m_ObjectHideFlags: 0
  m_CorrespondingSourceObject: {fileID: 0}
  m_PrefabInstance: {fileID: 0}
  m_PrefabAsset: {fileID: 0}
  m_GameObject: {fileID: 5681426218865381924}
  m_Material: {fileID: 0}
  m_IsTrigger: 0
  m_Enabled: 1
  m_Radius: 0.56
  m_Height: 1.77
  m_Direction: 1
  m_Center: {x: 0, y: 0.8, z: 0}
--- !u!114 &2716121523294448398
MonoBehaviour:
  m_ObjectHideFlags: 0
  m_CorrespondingSourceObject: {fileID: 0}
  m_PrefabInstance: {fileID: 0}
  m_PrefabAsset: {fileID: 0}
  m_GameObject: {fileID: 5681426218865381924}
  m_Enabled: 1
  m_EditorHideFlags: 0
  m_Script: {fileID: 11500000, guid: 5ee0c5adecb643a4ba7d4ff38013a525, type: 3}
  m_Name: 
  m_EditorClassIdentifier: 
--- !u!1 &6696191935405961392
GameObject:
  m_ObjectHideFlags: 0
  m_CorrespondingSourceObject: {fileID: 0}
  m_PrefabInstance: {fileID: 0}
  m_PrefabAsset: {fileID: 0}
  serializedVersion: 6
  m_Component:
  - component: {fileID: 16024087518188280}
  m_Layer: 0
  m_Name: mixamorig6:LeftForeArm
  m_TagString: Untagged
  m_Icon: {fileID: 0}
  m_NavMeshLayer: 0
  m_StaticEditorFlags: 0
  m_IsActive: 1
--- !u!4 &16024087518188280
Transform:
  m_ObjectHideFlags: 0
  m_CorrespondingSourceObject: {fileID: 0}
  m_PrefabInstance: {fileID: 0}
  m_PrefabAsset: {fileID: 0}
  m_GameObject: {fileID: 6696191935405961392}
  m_LocalRotation: {x: 0.0000002556378, y: 0.0017304824, z: -0.00000003781551, w: 0.9999985}
  m_LocalPosition: {x: -1.3264514e-10, y: 0.23597977, z: 0.000000001140336}
  m_LocalScale: {x: 1, y: 1, z: 1}
  m_Children:
  - {fileID: 2500824650758814454}
  m_Father: {fileID: 314178835840871938}
  m_RootOrder: 0
  m_LocalEulerAnglesHint: {x: 0, y: 0, z: 0}
--- !u!1 &6698952032399689271
GameObject:
  m_ObjectHideFlags: 0
  m_CorrespondingSourceObject: {fileID: 0}
  m_PrefabInstance: {fileID: 0}
  m_PrefabAsset: {fileID: 0}
  serializedVersion: 6
  m_Component:
  - component: {fileID: 314178835840871938}
  m_Layer: 0
  m_Name: mixamorig6:LeftArm
  m_TagString: Untagged
  m_Icon: {fileID: 0}
  m_NavMeshLayer: 0
  m_StaticEditorFlags: 0
  m_IsActive: 1
--- !u!4 &314178835840871938
Transform:
  m_ObjectHideFlags: 0
  m_CorrespondingSourceObject: {fileID: 0}
  m_PrefabInstance: {fileID: 0}
  m_PrefabAsset: {fileID: 0}
  m_GameObject: {fileID: 6698952032399689271}
  m_LocalRotation: {x: -0.18568228, y: -0.005341327, z: 0.0068041496, w: 0.9825718}
  m_LocalPosition: {x: 6.428483e-12, y: 0.064353645, z: 6.859153e-12}
  m_LocalScale: {x: 1, y: 1, z: 1}
  m_Children:
  - {fileID: 16024087518188280}
  m_Father: {fileID: 4406030832586456373}
  m_RootOrder: 0
  m_LocalEulerAnglesHint: {x: 0, y: 0, z: 0}
--- !u!1 &6823028077986575672
GameObject:
  m_ObjectHideFlags: 0
  m_CorrespondingSourceObject: {fileID: 0}
  m_PrefabInstance: {fileID: 0}
  m_PrefabAsset: {fileID: 0}
  serializedVersion: 6
  m_Component:
  - component: {fileID: 2386561807328096782}
  m_Layer: 0
  m_Name: mixamorig6:Spine
  m_TagString: Untagged
  m_Icon: {fileID: 0}
  m_NavMeshLayer: 0
  m_StaticEditorFlags: 0
  m_IsActive: 1
--- !u!4 &2386561807328096782
Transform:
  m_ObjectHideFlags: 0
  m_CorrespondingSourceObject: {fileID: 0}
  m_PrefabInstance: {fileID: 0}
  m_PrefabAsset: {fileID: 0}
  m_GameObject: {fileID: 6823028077986575672}
  m_LocalRotation: {x: 0.007200114, y: -0.0000012026837, z: 0.000068845366, w: 0.9999741}
  m_LocalPosition: {x: -0, y: 0.062922746, z: 0.00090644707}
  m_LocalScale: {x: 1, y: 1, z: 1}
  m_Children:
  - {fileID: 8766293428018544312}
  m_Father: {fileID: 485781623522496729}
  m_RootOrder: 2
  m_LocalEulerAnglesHint: {x: 0, y: 0, z: 0}
--- !u!1 &6834090090624384916
GameObject:
  m_ObjectHideFlags: 0
  m_CorrespondingSourceObject: {fileID: 0}
  m_PrefabInstance: {fileID: 0}
  m_PrefabAsset: {fileID: 0}
  serializedVersion: 6
  m_Component:
  - component: {fileID: 7437127418476920164}
  m_Layer: 0
  m_Name: mixamorig6:RightHandMiddle1
  m_TagString: Untagged
  m_Icon: {fileID: 0}
  m_NavMeshLayer: 0
  m_StaticEditorFlags: 0
  m_IsActive: 1
--- !u!4 &7437127418476920164
Transform:
  m_ObjectHideFlags: 0
  m_CorrespondingSourceObject: {fileID: 0}
  m_PrefabInstance: {fileID: 0}
  m_PrefabAsset: {fileID: 0}
  m_GameObject: {fileID: 6834090090624384916}
  m_LocalRotation: {x: -0.11423059, y: -0.06443358, z: -0.014005831, w: 0.9912636}
  m_LocalPosition: {x: 0.0046558296, y: 0.096057974, z: -0.020310648}
  m_LocalScale: {x: 1, y: 1, z: 1}
  m_Children:
  - {fileID: 7268945120887908946}
  m_Father: {fileID: 1788352274551752458}
  m_RootOrder: 1
  m_LocalEulerAnglesHint: {x: 0, y: 0, z: 0}
--- !u!1 &6842753395468593099
GameObject:
  m_ObjectHideFlags: 0
  m_CorrespondingSourceObject: {fileID: 0}
  m_PrefabInstance: {fileID: 0}
  m_PrefabAsset: {fileID: 0}
  serializedVersion: 6
  m_Component:
  - component: {fileID: 7603327578161652270}
  m_Layer: 0
  m_Name: mixamorig6:LeftHandPinky2
  m_TagString: Untagged
  m_Icon: {fileID: 0}
  m_NavMeshLayer: 0
  m_StaticEditorFlags: 0
  m_IsActive: 1
--- !u!4 &7603327578161652270
Transform:
  m_ObjectHideFlags: 0
  m_CorrespondingSourceObject: {fileID: 0}
  m_PrefabInstance: {fileID: 0}
  m_PrefabAsset: {fileID: 0}
  m_GameObject: {fileID: 6842753395468593099}
  m_LocalRotation: {x: 0.004572232, y: -0.00041320443, z: -0.001624514, w: 0.99998814}
  m_LocalPosition: {x: 0.0005171085, y: -0.032834366, z: -0.00032867858}
  m_LocalScale: {x: 1, y: 1, z: 1}
  m_Children:
  - {fileID: 5810401687510912777}
  m_Father: {fileID: 3979037297245310798}
  m_RootOrder: 0
  m_LocalEulerAnglesHint: {x: 0, y: 0, z: 0}
--- !u!1 &6847669825440461133
GameObject:
  m_ObjectHideFlags: 0
  m_CorrespondingSourceObject: {fileID: 0}
  m_PrefabInstance: {fileID: 0}
  m_PrefabAsset: {fileID: 0}
  serializedVersion: 6
  m_Component:
  - component: {fileID: 2860173646154902262}
  m_Layer: 0
  m_Name: RightHandThumb4
  m_TagString: Untagged
  m_Icon: {fileID: 0}
  m_NavMeshLayer: 0
  m_StaticEditorFlags: 0
  m_IsActive: 1
--- !u!4 &2860173646154902262
Transform:
  m_ObjectHideFlags: 0
  m_CorrespondingSourceObject: {fileID: 0}
  m_PrefabInstance: {fileID: 0}
  m_PrefabAsset: {fileID: 0}
  m_GameObject: {fileID: 6847669825440461133}
  m_LocalRotation: {x: 0, y: -0, z: -0, w: 1}
  m_LocalPosition: {x: 0.0009757327, y: 0.03182895, z: -5.727085e-10}
  m_LocalScale: {x: 1, y: 1, z: 1}
  m_Children: []
  m_Father: {fileID: 5957050808574705437}
  m_RootOrder: 0
  m_LocalEulerAnglesHint: {x: 0, y: 0, z: 0}
--- !u!1 &7256853008364760589
GameObject:
  m_ObjectHideFlags: 0
  m_CorrespondingSourceObject: {fileID: 0}
  m_PrefabInstance: {fileID: 0}
  m_PrefabAsset: {fileID: 0}
  serializedVersion: 6
  m_Component:
  - component: {fileID: 3332279011282823046}
  m_Layer: 0
  m_Name: mixamorig6:RightHandRing1
  m_TagString: Untagged
  m_Icon: {fileID: 0}
  m_NavMeshLayer: 0
  m_StaticEditorFlags: 0
  m_IsActive: 1
--- !u!4 &3332279011282823046
Transform:
  m_ObjectHideFlags: 0
  m_CorrespondingSourceObject: {fileID: 0}
  m_PrefabInstance: {fileID: 0}
  m_PrefabAsset: {fileID: 0}
  m_GameObject: {fileID: 7256853008364760589}
  m_LocalRotation: {x: -0.12871866, y: -0.047911134, z: -0.031067966, w: 0.9900358}
  m_LocalPosition: {x: 0.02682933, y: 0.088526934, z: -0.014581719}
  m_LocalScale: {x: 1, y: 1, z: 1}
  m_Children:
  - {fileID: 8029974010008828536}
  m_Father: {fileID: 1788352274551752458}
  m_RootOrder: 3
  m_LocalEulerAnglesHint: {x: 0, y: 0, z: 0}
--- !u!1 &7326431071986690825
GameObject:
  m_ObjectHideFlags: 0
  m_CorrespondingSourceObject: {fileID: 0}
  m_PrefabInstance: {fileID: 0}
  m_PrefabAsset: {fileID: 0}
  serializedVersion: 6
  m_Component:
  - component: {fileID: 3152092837000378094}
  m_Layer: 0
  m_Name: mixamorig6:RightHandIndex3
  m_TagString: Untagged
  m_Icon: {fileID: 0}
  m_NavMeshLayer: 0
  m_StaticEditorFlags: 0
  m_IsActive: 1
--- !u!4 &3152092837000378094
Transform:
  m_ObjectHideFlags: 0
  m_CorrespondingSourceObject: {fileID: 0}
  m_PrefabInstance: {fileID: 0}
  m_PrefabAsset: {fileID: 0}
  m_GameObject: {fileID: 7326431071986690825}
  m_LocalRotation: {x: -0.00000018940743, y: 0.0000042133456, z: -0.0020769464, w: 0.99999785}
  m_LocalPosition: {x: -0.0000802916, y: 0.031145625, z: 8.1591467e-10}
  m_LocalScale: {x: 1, y: 1, z: 1}
  m_Children:
  - {fileID: 836101806603193620}
  m_Father: {fileID: 8750924844463007683}
  m_RootOrder: 0
  m_LocalEulerAnglesHint: {x: 0, y: 0, z: 0}
--- !u!1 &7355924722243815082
GameObject:
  m_ObjectHideFlags: 0
  m_CorrespondingSourceObject: {fileID: 0}
  m_PrefabInstance: {fileID: 0}
  m_PrefabAsset: {fileID: 0}
  serializedVersion: 6
  m_Component:
  - component: {fileID: 6531594751749402428}
  m_Layer: 0
  m_Name: mixamorig6:RightArm
  m_TagString: Untagged
  m_Icon: {fileID: 0}
  m_NavMeshLayer: 0
  m_StaticEditorFlags: 0
  m_IsActive: 1
--- !u!4 &6531594751749402428
Transform:
  m_ObjectHideFlags: 0
  m_CorrespondingSourceObject: {fileID: 0}
  m_PrefabInstance: {fileID: 0}
  m_PrefabAsset: {fileID: 0}
  m_GameObject: {fileID: 7355924722243815082}
  m_LocalRotation: {x: -0.18580496, y: 0.003822448, z: -0.00068303104, w: 0.982579}
  m_LocalPosition: {x: 2.9196866e-12, y: 0.064353645, z: 7.011067e-12}
  m_LocalScale: {x: 1, y: 1, z: 1}
  m_Children:
  - {fileID: 7100554067598254075}
  m_Father: {fileID: 9124805073944085771}
  m_RootOrder: 0
  m_LocalEulerAnglesHint: {x: 0, y: 0, z: 0}
--- !u!1 &7542640500966177154
GameObject:
  m_ObjectHideFlags: 0
  m_CorrespondingSourceObject: {fileID: 0}
  m_PrefabInstance: {fileID: 0}
  m_PrefabAsset: {fileID: 0}
  serializedVersion: 6
  m_Component:
  - component: {fileID: 7268945120887908946}
  m_Layer: 0
  m_Name: mixamorig6:RightHandMiddle2
  m_TagString: Untagged
  m_Icon: {fileID: 0}
  m_NavMeshLayer: 0
  m_StaticEditorFlags: 0
  m_IsActive: 1
--- !u!4 &7268945120887908946
Transform:
  m_ObjectHideFlags: 0
  m_CorrespondingSourceObject: {fileID: 0}
  m_PrefabInstance: {fileID: 0}
  m_PrefabAsset: {fileID: 0}
  m_GameObject: {fileID: 7542640500966177154}
  m_LocalRotation: {x: -0.02476237, y: 0.0002148669, z: -0.0031591495, w: 0.9996884}
  m_LocalPosition: {x: 0.00033910273, y: 0.047407437, z: 0.0008370347}
  m_LocalScale: {x: 1, y: 1, z: 1}
  m_Children:
  - {fileID: 3631450387478628916}
  m_Father: {fileID: 7437127418476920164}
  m_RootOrder: 0
  m_LocalEulerAnglesHint: {x: 0, y: 0, z: 0}
--- !u!1 &7847631018949654511
GameObject:
  m_ObjectHideFlags: 0
  m_CorrespondingSourceObject: {fileID: 0}
  m_PrefabInstance: {fileID: 0}
  m_PrefabAsset: {fileID: 0}
  serializedVersion: 6
  m_Component:
  - component: {fileID: 7770557799964492168}
  m_Layer: 0
  m_Name: mixamorig6:LeftLeg
  m_TagString: Untagged
  m_Icon: {fileID: 0}
  m_NavMeshLayer: 0
  m_StaticEditorFlags: 0
  m_IsActive: 1
--- !u!4 &7770557799964492168
Transform:
  m_ObjectHideFlags: 0
  m_CorrespondingSourceObject: {fileID: 0}
  m_PrefabInstance: {fileID: 0}
  m_PrefabAsset: {fileID: 0}
  m_GameObject: {fileID: 7847631018949654511}
  m_LocalRotation: {x: -0.055509068, y: -0.00095493655, z: 0.013793584, w: 0.9983625}
  m_LocalPosition: {x: 0.0004836977, y: 0.2280897, z: 0.00045774473}
  m_LocalScale: {x: 1, y: 1, z: 1}
  m_Children:
  - {fileID: 3771642211893582105}
  m_Father: {fileID: 7592530679183062868}
  m_RootOrder: 0
  m_LocalEulerAnglesHint: {x: 0, y: 0, z: 0}
--- !u!1 &7878656071001576111
GameObject:
  m_ObjectHideFlags: 0
  m_CorrespondingSourceObject: {fileID: 0}
  m_PrefabInstance: {fileID: 0}
  m_PrefabAsset: {fileID: 0}
  serializedVersion: 6
  m_Component:
  - component: {fileID: 7878656071001576108}
  - component: {fileID: 7878656071001576109}
  - component: {fileID: 7878656071001576110}
  m_Layer: 0
  m_Name: Main camera
  m_TagString: MainCamera
  m_Icon: {fileID: 0}
  m_NavMeshLayer: 0
  m_StaticEditorFlags: 0
  m_IsActive: 1
--- !u!4 &7878656071001576108
Transform:
  m_ObjectHideFlags: 0
  m_CorrespondingSourceObject: {fileID: 0}
  m_PrefabInstance: {fileID: 0}
  m_PrefabAsset: {fileID: 0}
  m_GameObject: {fileID: 7878656071001576111}
  m_LocalRotation: {x: 0.19238445, y: 0.007892392, z: 0.0045852433, w: 0.98127717}
  m_LocalPosition: {x: 0.12, y: 7.5, z: -7.25}
  m_LocalScale: {x: 1, y: 1, z: 1}
  m_Children: []
  m_Father: {fileID: 8683822798392074295}
  m_RootOrder: 2
  m_LocalEulerAnglesHint: {x: 22.178001, y: 1.0680001, z: 0.74500006}
--- !u!20 &7878656071001576109
Camera:
  m_ObjectHideFlags: 0
  m_CorrespondingSourceObject: {fileID: 0}
  m_PrefabInstance: {fileID: 0}
  m_PrefabAsset: {fileID: 0}
  m_GameObject: {fileID: 7878656071001576111}
  m_Enabled: 1
  serializedVersion: 2
  m_ClearFlags: 2
  m_BackGroundColor: {r: 0.29189605, g: 0.3018868, b: 0.22926308, a: 0}
  m_projectionMatrixMode: 1
  m_GateFitMode: 2
  m_FOVAxisMode: 0
  m_SensorSize: {x: 36, y: 24}
  m_LensShift: {x: 0, y: 0}
  m_FocalLength: 50
  m_NormalizedViewPortRect:
    serializedVersion: 2
    x: 0
    y: 0
    width: 1
    height: 1
  near clip plane: 0.3
  far clip plane: 100
  field of view: 60
  orthographic: 0
  orthographic size: 5
  m_Depth: -1
  m_CullingMask:
    serializedVersion: 2
    m_Bits: 4294967295
  m_RenderingPath: -1
  m_TargetTexture: {fileID: 0}
  m_TargetDisplay: 0
  m_TargetEye: 3
  m_HDR: 1
  m_AllowMSAA: 1
  m_AllowDynamicResolution: 0
  m_ForceIntoRT: 0
  m_OcclusionCulling: 1
  m_StereoConvergence: 10
  m_StereoSeparation: 0.022
--- !u!81 &7878656071001576110
AudioListener:
  m_ObjectHideFlags: 0
  m_CorrespondingSourceObject: {fileID: 0}
  m_PrefabInstance: {fileID: 0}
  m_PrefabAsset: {fileID: 0}
  m_GameObject: {fileID: 7878656071001576111}
  m_Enabled: 0
--- !u!1 &7878656072171921557
GameObject:
  m_ObjectHideFlags: 0
  m_CorrespondingSourceObject: {fileID: 0}
  m_PrefabInstance: {fileID: 0}
  m_PrefabAsset: {fileID: 0}
  serializedVersion: 6
  m_Component:
  - component: {fileID: 7878656072171921556}
  - component: {fileID: 7878656072171921553}
  - component: {fileID: 7878656072171921554}
  - component: {fileID: 7878656072171921555}
  m_Layer: 0
  m_Name: KeyHand
  m_TagString: Untagged
  m_Icon: {fileID: 0}
  m_NavMeshLayer: 0
  m_StaticEditorFlags: 0
  m_IsActive: 1
--- !u!4 &7878656072171921556
Transform:
  m_ObjectHideFlags: 0
  m_CorrespondingSourceObject: {fileID: 0}
  m_PrefabInstance: {fileID: 0}
  m_PrefabAsset: {fileID: 0}
  m_GameObject: {fileID: 7878656072171921557}
  m_LocalRotation: {x: 0.46545744, y: 0.41719997, z: -0.6623043, w: 0.41309395}
  m_LocalPosition: {x: -0.11, y: -0.323, z: 0.149}
  m_LocalScale: {x: 0.085196115, y: 0.08519608, z: 0.08519615}
  m_Children: []
  m_Father: {fileID: 4577550445409405328}
  m_RootOrder: 1
  m_LocalEulerAnglesHint: {x: 69.584, y: -411.2, z: -152.919}
--- !u!33 &7878656072171921553
MeshFilter:
  m_ObjectHideFlags: 0
  m_CorrespondingSourceObject: {fileID: 0}
  m_PrefabInstance: {fileID: 0}
  m_PrefabAsset: {fileID: 0}
  m_GameObject: {fileID: 7878656072171921557}
  m_Mesh: {fileID: 10202, guid: 0000000000000000e000000000000000, type: 0}
--- !u!23 &7878656072171921554
MeshRenderer:
  m_ObjectHideFlags: 0
  m_CorrespondingSourceObject: {fileID: 0}
  m_PrefabInstance: {fileID: 0}
  m_PrefabAsset: {fileID: 0}
  m_GameObject: {fileID: 7878656072171921557}
  m_Enabled: 0
  m_CastShadows: 1
  m_ReceiveShadows: 1
  m_DynamicOccludee: 1
  m_MotionVectors: 1
  m_LightProbeUsage: 1
  m_ReflectionProbeUsage: 1
  m_RenderingLayerMask: 1
  m_RendererPriority: 0
  m_Materials:
  - {fileID: 10303, guid: 0000000000000000f000000000000000, type: 0}
  m_StaticBatchInfo:
    firstSubMesh: 0
    subMeshCount: 0
  m_StaticBatchRoot: {fileID: 0}
  m_ProbeAnchor: {fileID: 0}
  m_LightProbeVolumeOverride: {fileID: 0}
  m_ScaleInLightmap: 1
  m_ReceiveGI: 1
  m_PreserveUVs: 0
  m_IgnoreNormalsForChartDetection: 0
  m_ImportantGI: 0
  m_StitchLightmapSeams: 1
  m_SelectedEditorRenderState: 3
  m_MinimumChartSize: 4
  m_AutoUVMaxDistance: 0.5
  m_AutoUVMaxAngle: 89
  m_LightmapParameters: {fileID: 0}
  m_SortingLayerID: 0
  m_SortingLayer: 0
  m_SortingOrder: 0
--- !u!65 &7878656072171921555
BoxCollider:
  m_ObjectHideFlags: 0
  m_CorrespondingSourceObject: {fileID: 0}
  m_PrefabInstance: {fileID: 0}
  m_PrefabAsset: {fileID: 0}
  m_GameObject: {fileID: 7878656072171921557}
  m_Material: {fileID: 0}
  m_IsTrigger: 0
  m_Enabled: 1
  serializedVersion: 2
  m_Size: {x: 1, y: 1, z: 1}
  m_Center: {x: 0, y: 0, z: 0}
--- !u!1 &7911613858556990709
GameObject:
  m_ObjectHideFlags: 0
  m_CorrespondingSourceObject: {fileID: 0}
  m_PrefabInstance: {fileID: 0}
  m_PrefabAsset: {fileID: 0}
  serializedVersion: 6
  m_Component:
  - component: {fileID: 8766293428018544312}
  m_Layer: 0
  m_Name: mixamorig6:Spine1
  m_TagString: Untagged
  m_Icon: {fileID: 0}
  m_NavMeshLayer: 0
  m_StaticEditorFlags: 0
  m_IsActive: 1
--- !u!4 &8766293428018544312
Transform:
  m_ObjectHideFlags: 0
  m_CorrespondingSourceObject: {fileID: 0}
  m_PrefabInstance: {fileID: 0}
  m_PrefabAsset: {fileID: 0}
  m_GameObject: {fileID: 7911613858556990709}
  m_LocalRotation: {x: 8.6736174e-19, y: -3.2803082e-14, z: 6.826643e-13, w: 1}
  m_LocalPosition: {x: -0, y: 0.073417425, z: 2.3889352e-11}
  m_LocalScale: {x: 1, y: 1, z: 1}
  m_Children:
  - {fileID: 3710983043598226582}
  m_Father: {fileID: 2386561807328096782}
  m_RootOrder: 0
  m_LocalEulerAnglesHint: {x: 0, y: 0, z: 0}
--- !u!1 &8366528932472239720
GameObject:
  m_ObjectHideFlags: 0
  m_CorrespondingSourceObject: {fileID: 0}
  m_PrefabInstance: {fileID: 0}
  m_PrefabAsset: {fileID: 0}
  serializedVersion: 6
  m_Component:
  - component: {fileID: 2939224836681520634}
  m_Layer: 0
  m_Name: mixamorig6:RightToeBase
  m_TagString: Untagged
  m_Icon: {fileID: 0}
  m_NavMeshLayer: 0
  m_StaticEditorFlags: 0
  m_IsActive: 1
--- !u!4 &2939224836681520634
Transform:
  m_ObjectHideFlags: 0
  m_CorrespondingSourceObject: {fileID: 0}
  m_PrefabInstance: {fileID: 0}
  m_PrefabAsset: {fileID: 0}
  m_GameObject: {fileID: 8366528932472239720}
  m_LocalRotation: {x: 0.3521043, y: 0.030701464, z: -0.011556855, w: 0.9353857}
  m_LocalPosition: {x: -2.0268043e-10, y: 0.1945961, z: -0.0000000024733273}
  m_LocalScale: {x: 1, y: 1, z: 1}
  m_Children:
  - {fileID: 8712382123657241112}
  m_Father: {fileID: 1027907389634179080}
  m_RootOrder: 0
  m_LocalEulerAnglesHint: {x: 0, y: 0, z: 0}
--- !u!1 &8501788499031458699
GameObject:
  m_ObjectHideFlags: 0
  m_CorrespondingSourceObject: {fileID: 0}
  m_PrefabInstance: {fileID: 0}
  m_PrefabAsset: {fileID: 0}
  serializedVersion: 6
  m_Component:
  - component: {fileID: 3771642211893582105}
  m_Layer: 0
  m_Name: mixamorig6:LeftFoot
  m_TagString: Untagged
  m_Icon: {fileID: 0}
  m_NavMeshLayer: 0
  m_StaticEditorFlags: 0
  m_IsActive: 1
--- !u!4 &3771642211893582105
Transform:
  m_ObjectHideFlags: 0
  m_CorrespondingSourceObject: {fileID: 0}
  m_PrefabInstance: {fileID: 0}
  m_PrefabAsset: {fileID: 0}
  m_GameObject: {fileID: 8501788499031458699}
  m_LocalRotation: {x: 0.46571487, y: 0.014405812, z: -0.027955981, w: 0.8843758}
  m_LocalPosition: {x: -0.0002272188, y: 0.2454587, z: 0.0004206247}
  m_LocalScale: {x: 1, y: 1, z: 1}
  m_Children:
  - {fileID: 3232940043696455305}
  m_Father: {fileID: 7770557799964492168}
  m_RootOrder: 0
  m_LocalEulerAnglesHint: {x: 0, y: 0, z: 0}
--- !u!1 &8545698303297370904
GameObject:
  m_ObjectHideFlags: 0
  m_CorrespondingSourceObject: {fileID: 0}
  m_PrefabInstance: {fileID: 0}
  m_PrefabAsset: {fileID: 0}
  serializedVersion: 6
  m_Component:
  - component: {fileID: 1027907389634179080}
  m_Layer: 0
  m_Name: mixamorig6:RightFoot
  m_TagString: Untagged
  m_Icon: {fileID: 0}
  m_NavMeshLayer: 0
  m_StaticEditorFlags: 0
  m_IsActive: 1
--- !u!4 &1027907389634179080
Transform:
  m_ObjectHideFlags: 0
  m_CorrespondingSourceObject: {fileID: 0}
  m_PrefabInstance: {fileID: 0}
  m_PrefabAsset: {fileID: 0}
  m_GameObject: {fileID: 8545698303297370904}
  m_LocalRotation: {x: 0.45540226, y: -0.015498135, z: 0.028199049, w: 0.8897041}
  m_LocalPosition: {x: 0.0002264425, y: 0.24540077, z: -0.0004230825}
  m_LocalScale: {x: 1, y: 1, z: 1}
  m_Children:
  - {fileID: 2939224836681520634}
  m_Father: {fileID: 7397042732606321598}
  m_RootOrder: 0
  m_LocalEulerAnglesHint: {x: 0, y: 0, z: 0}
--- !u!1 &8815414664929011380
GameObject:
  m_ObjectHideFlags: 0
  m_CorrespondingSourceObject: {fileID: 0}
  m_PrefabInstance: {fileID: 0}
  m_PrefabAsset: {fileID: 0}
  serializedVersion: 6
  m_Component:
  - component: {fileID: 1069646641375253640}
  m_Layer: 0
  m_Name: mixamorig6:RightHandThumb1
  m_TagString: Untagged
  m_Icon: {fileID: 0}
  m_NavMeshLayer: 0
  m_StaticEditorFlags: 0
  m_IsActive: 1
--- !u!4 &1069646641375253640
Transform:
  m_ObjectHideFlags: 0
  m_CorrespondingSourceObject: {fileID: 0}
  m_PrefabInstance: {fileID: 0}
  m_PrefabAsset: {fileID: 0}
  m_GameObject: {fileID: 8815414664929011380}
  m_LocalRotation: {x: 0.13162161, y: -0.123447224, z: 0.1898256, w: 0.9650921}
  m_LocalPosition: {x: -0.017762473, y: 0.027259922, z: -0.00046009416}
  m_LocalScale: {x: 1, y: 1, z: 1}
  m_Children:
  - {fileID: 1768447041816679272}
  m_Father: {fileID: 1788352274551752458}
  m_RootOrder: 4
  m_LocalEulerAnglesHint: {x: 0, y: 0, z: 0}
--- !u!1 &8920388394136714054
GameObject:
  m_ObjectHideFlags: 0
  m_CorrespondingSourceObject: {fileID: 0}
  m_PrefabInstance: {fileID: 0}
  m_PrefabAsset: {fileID: 0}
  serializedVersion: 6
  m_Component:
  - component: {fileID: 7647850360611022790}
  m_Layer: 0
  m_Name: mixamorig6:LeftHandPinky4
  m_TagString: Untagged
  m_Icon: {fileID: 0}
  m_NavMeshLayer: 0
  m_StaticEditorFlags: 0
  m_IsActive: 1
--- !u!4 &7647850360611022790
Transform:
  m_ObjectHideFlags: 0
  m_CorrespondingSourceObject: {fileID: 0}
  m_PrefabInstance: {fileID: 0}
  m_PrefabAsset: {fileID: 0}
  m_GameObject: {fileID: 8920388394136714054}
  m_LocalRotation: {x: 0, y: -0, z: -0, w: 1}
  m_LocalPosition: {x: -0.0000018863913, y: -0.019524805, z: 0.00000039325016}
  m_LocalScale: {x: 1, y: 1, z: 1}
  m_Children: []
  m_Father: {fileID: 5810401687510912777}
  m_RootOrder: 0
  m_LocalEulerAnglesHint: {x: 0, y: 0, z: 0}
--- !u!1 &9001484583645122189
GameObject:
  m_ObjectHideFlags: 0
  m_CorrespondingSourceObject: {fileID: 0}
  m_PrefabInstance: {fileID: 0}
  m_PrefabAsset: {fileID: 0}
  serializedVersion: 6
  m_Component:
  - component: {fileID: 4929120327957091904}
  m_Layer: 0
  m_Name: mixamorig6:LeftHandIndex3
  m_TagString: Untagged
  m_Icon: {fileID: 0}
  m_NavMeshLayer: 0
  m_StaticEditorFlags: 0
  m_IsActive: 1
--- !u!4 &4929120327957091904
Transform:
  m_ObjectHideFlags: 0
  m_CorrespondingSourceObject: {fileID: 0}
  m_PrefabInstance: {fileID: 0}
  m_PrefabAsset: {fileID: 0}
  m_GameObject: {fileID: 9001484583645122189}
  m_LocalRotation: {x: 0.0000340213, y: 0.000004364174, z: -0.0020613745, w: 0.9999979}
  m_LocalPosition: {x: 0.00008058662, y: -0.031142738, z: -0.0000006250572}
  m_LocalScale: {x: 1, y: 1, z: 1}
  m_Children:
  - {fileID: 67077697262912393}
  m_Father: {fileID: 6231450354500915813}
  m_RootOrder: 0
  m_LocalEulerAnglesHint: {x: 0, y: 0, z: 0}
--- !u!1 &9209946960198247059
GameObject:
  m_ObjectHideFlags: 0
  m_CorrespondingSourceObject: {fileID: 0}
  m_PrefabInstance: {fileID: 0}
  m_PrefabAsset: {fileID: 0}
  serializedVersion: 6
  m_Component:
  - component: {fileID: 5957050808574705437}
  m_Layer: 0
  m_Name: RightHandThumb3
  m_TagString: Untagged
  m_Icon: {fileID: 0}
  m_NavMeshLayer: 0
  m_StaticEditorFlags: 0
  m_IsActive: 1
--- !u!4 &5957050808574705437
Transform:
  m_ObjectHideFlags: 0
  m_CorrespondingSourceObject: {fileID: 0}
  m_PrefabInstance: {fileID: 0}
  m_PrefabAsset: {fileID: 0}
  m_GameObject: {fileID: 9209946960198247059}
  m_LocalRotation: {x: 0.002856173, y: 0.0007006671, z: -0.025075123, w: 0.99968123}
  m_LocalPosition: {x: 0.0035884758, y: 0.04430126, z: 0.00024953767}
  m_LocalScale: {x: 1, y: 1, z: 1}
  m_Children:
  - {fileID: 2860173646154902262}
  m_Father: {fileID: 1768447041816679272}
  m_RootOrder: 0
  m_LocalEulerAnglesHint: {x: 0, y: 0, z: 0}
