%YAML 1.1
%TAG !u! tag:unity3d.com,2011:
--- !u!1 &2836554069769326033
GameObject:
  m_ObjectHideFlags: 0
  m_CorrespondingSourceObject: {fileID: 0}
  m_PrefabInstance: {fileID: 0}
  m_PrefabAsset: {fileID: 0}
  serializedVersion: 6
  m_Component:
  - component: {fileID: 2836554069769326032}
  - component: {fileID: 2836554069769326037}
  - component: {fileID: 2836554069769326038}
  - component: {fileID: 2836554069769326039}
  m_Layer: 0
  m_Name: Sig Sag 1x4 (1)
  m_TagString: Untagged
  m_Icon: {fileID: 0}
  m_NavMeshLayer: 0
  m_StaticEditorFlags: 4294967295
  m_IsActive: 1
--- !u!4 &2836554069769326032
Transform:
  m_ObjectHideFlags: 0
  m_CorrespondingSourceObject: {fileID: 0}
  m_PrefabInstance: {fileID: 0}
  m_PrefabAsset: {fileID: 0}
  m_GameObject: {fileID: 2836554069769326033}
  m_LocalRotation: {x: 0.0000018099951, y: -0, z: -0, w: 1}
  m_LocalPosition: {x: -2.076, y: -1.82, z: 1.18}
  m_LocalScale: {x: 0.8393614, y: 0.73241085, z: 0.73241085}
  m_Children: []
  m_Father: {fileID: 8879072092408435887}
  m_RootOrder: 7
  m_LocalEulerAnglesHint: {x: 0, y: 0, z: 0}
--- !u!33 &2836554069769326037
MeshFilter:
  m_ObjectHideFlags: 0
  m_CorrespondingSourceObject: {fileID: 0}
  m_PrefabInstance: {fileID: 0}
  m_PrefabAsset: {fileID: 0}
  m_GameObject: {fileID: 2836554069769326033}
  m_Mesh: {fileID: 4300000, guid: 064b3bc91fd633b41829407f0a6b0706, type: 3}
--- !u!23 &2836554069769326038
MeshRenderer:
  m_ObjectHideFlags: 0
  m_CorrespondingSourceObject: {fileID: 0}
  m_PrefabInstance: {fileID: 0}
  m_PrefabAsset: {fileID: 0}
  m_GameObject: {fileID: 2836554069769326033}
  m_Enabled: 1
  m_CastShadows: 1
  m_ReceiveShadows: 1
  m_DynamicOccludee: 1
  m_MotionVectors: 1
  m_LightProbeUsage: 1
  m_ReflectionProbeUsage: 1
  m_RenderingLayerMask: 1
  m_RendererPriority: 0
  m_Materials:
  - {fileID: 2100000, guid: 112495ee01e1b834a89c654405f9be48, type: 2}
  m_StaticBatchInfo:
    firstSubMesh: 0
    subMeshCount: 0
  m_StaticBatchRoot: {fileID: 0}
  m_ProbeAnchor: {fileID: 0}
  m_LightProbeVolumeOverride: {fileID: 0}
  m_ScaleInLightmap: 1
  m_ReceiveGI: 1
  m_PreserveUVs: 0
  m_IgnoreNormalsForChartDetection: 0
  m_ImportantGI: 0
  m_StitchLightmapSeams: 1
  m_SelectedEditorRenderState: 3
  m_MinimumChartSize: 4
  m_AutoUVMaxDistance: 0.5
  m_AutoUVMaxAngle: 89
  m_LightmapParameters: {fileID: 0}
  m_SortingLayerID: 0
  m_SortingLayer: 0
  m_SortingOrder: 0
--- !u!65 &2836554069769326039
BoxCollider:
  m_ObjectHideFlags: 0
  m_CorrespondingSourceObject: {fileID: 0}
  m_PrefabInstance: {fileID: 0}
  m_PrefabAsset: {fileID: 0}
  m_GameObject: {fileID: 2836554069769326033}
  m_Material: {fileID: 0}
  m_IsTrigger: 0
  m_Enabled: 1
  serializedVersion: 2
  m_Size: {x: 2.0000002, y: 8.000007, z: 2.000029}
  m_Center: {x: 0.00000017881392, y: 3.999996, z: -1.0000148}
--- !u!1 &5946200269446504234
GameObject:
  m_ObjectHideFlags: 0
  m_CorrespondingSourceObject: {fileID: 0}
  m_PrefabInstance: {fileID: 0}
  m_PrefabAsset: {fileID: 0}
  serializedVersion: 6
  m_Component:
  - component: {fileID: 5947176861771965620}
  - component: {fileID: 5977285455438948012}
  - component: {fileID: 5969273117307786928}
  m_Layer: 0
  m_Name: Fence 4 Dark (3)
  m_TagString: Untagged
  m_Icon: {fileID: 0}
  m_NavMeshLayer: 0
  m_StaticEditorFlags: 4294967295
  m_IsActive: 1
--- !u!4 &5947176861771965620
Transform:
  m_ObjectHideFlags: 0
  m_CorrespondingSourceObject: {fileID: 0}
  m_PrefabInstance: {fileID: 0}
  m_PrefabAsset: {fileID: 0}
  m_GameObject: {fileID: 5946200269446504234}
  m_LocalRotation: {x: 0.7202477, y: 0.012784902, z: 0.69347215, w: 0.013276314}
  m_LocalPosition: {x: 0.14901924, y: 3.183825, z: 0.13400745}
  m_LocalScale: {x: 0.16705409, y: 0.16705418, z: 0.16705406}
  m_Children: []
  m_Father: {fileID: 8879072092408435887}
  m_RootOrder: 1
  m_LocalEulerAnglesHint: {x: 0.080000006, y: 92.16901, z: 177.889}
--- !u!33 &5977285455438948012
MeshFilter:
  m_ObjectHideFlags: 0
  m_CorrespondingSourceObject: {fileID: 0}
  m_PrefabInstance: {fileID: 0}
  m_PrefabAsset: {fileID: 0}
  m_GameObject: {fileID: 5946200269446504234}
  m_Mesh: {fileID: 4300000, guid: f113fdf35b07bda4a8569509d72f4599, type: 3}
--- !u!23 &5969273117307786928
MeshRenderer:
  m_ObjectHideFlags: 0
  m_CorrespondingSourceObject: {fileID: 0}
  m_PrefabInstance: {fileID: 0}
  m_PrefabAsset: {fileID: 0}
  m_GameObject: {fileID: 5946200269446504234}
  m_Enabled: 1
  m_CastShadows: 1
  m_ReceiveShadows: 1
  m_DynamicOccludee: 1
  m_MotionVectors: 1
  m_LightProbeUsage: 1
  m_ReflectionProbeUsage: 1
  m_RenderingLayerMask: 1
  m_RendererPriority: 0
  m_Materials:
  - {fileID: 2100000, guid: 112495ee01e1b834a89c654405f9be48, type: 2}
  m_StaticBatchInfo:
    firstSubMesh: 0
    subMeshCount: 0
  m_StaticBatchRoot: {fileID: 0}
  m_ProbeAnchor: {fileID: 0}
  m_LightProbeVolumeOverride: {fileID: 0}
  m_ScaleInLightmap: 1
  m_ReceiveGI: 1
  m_PreserveUVs: 0
  m_IgnoreNormalsForChartDetection: 0
  m_ImportantGI: 0
  m_StitchLightmapSeams: 1
  m_SelectedEditorRenderState: 3
  m_MinimumChartSize: 4
  m_AutoUVMaxDistance: 0.5
  m_AutoUVMaxAngle: 89
  m_LightmapParameters: {fileID: 0}
  m_SortingLayerID: 0
  m_SortingLayer: 0
  m_SortingOrder: 0
--- !u!1 &5946200270698684421
GameObject:
  m_ObjectHideFlags: 0
  m_CorrespondingSourceObject: {fileID: 0}
  m_PrefabInstance: {fileID: 0}
  m_PrefabAsset: {fileID: 0}
  serializedVersion: 6
  m_Component:
  - component: {fileID: 5947176863069920155}
  - component: {fileID: 5977285454581422467}
  - component: {fileID: 5969273118601521567}
  m_Layer: 0
  m_Name: Fence 4 Dark (2)
  m_TagString: Untagged
  m_Icon: {fileID: 0}
  m_NavMeshLayer: 0
  m_StaticEditorFlags: 4294967295
  m_IsActive: 1
--- !u!4 &5947176863069920155
Transform:
  m_ObjectHideFlags: 0
  m_CorrespondingSourceObject: {fileID: 0}
  m_PrefabInstance: {fileID: 0}
  m_PrefabAsset: {fileID: 0}
  m_GameObject: {fileID: 5946200270698684421}
  m_LocalRotation: {x: 0.7202477, y: 0.012784902, z: 0.69347215, w: 0.013276314}
  m_LocalPosition: {x: 0.14901924, y: 2.624825, z: 0.13400745}
  m_LocalScale: {x: 0.16705409, y: 0.16705418, z: 0.16705406}
  m_Children: []
  m_Father: {fileID: 8879072092408435887}
  m_RootOrder: 2
  m_LocalEulerAnglesHint: {x: 0.080000006, y: 92.16901, z: 177.889}
--- !u!33 &5977285454581422467
MeshFilter:
  m_ObjectHideFlags: 0
  m_CorrespondingSourceObject: {fileID: 0}
  m_PrefabInstance: {fileID: 0}
  m_PrefabAsset: {fileID: 0}
  m_GameObject: {fileID: 5946200270698684421}
  m_Mesh: {fileID: 4300000, guid: f113fdf35b07bda4a8569509d72f4599, type: 3}
--- !u!23 &5969273118601521567
MeshRenderer:
  m_ObjectHideFlags: 0
  m_CorrespondingSourceObject: {fileID: 0}
  m_PrefabInstance: {fileID: 0}
  m_PrefabAsset: {fileID: 0}
  m_GameObject: {fileID: 5946200270698684421}
  m_Enabled: 1
  m_CastShadows: 1
  m_ReceiveShadows: 1
  m_DynamicOccludee: 1
  m_MotionVectors: 1
  m_LightProbeUsage: 1
  m_ReflectionProbeUsage: 1
  m_RenderingLayerMask: 1
  m_RendererPriority: 0
  m_Materials:
  - {fileID: 2100000, guid: 112495ee01e1b834a89c654405f9be48, type: 2}
  m_StaticBatchInfo:
    firstSubMesh: 0
    subMeshCount: 0
  m_StaticBatchRoot: {fileID: 0}
  m_ProbeAnchor: {fileID: 0}
  m_LightProbeVolumeOverride: {fileID: 0}
  m_ScaleInLightmap: 1
  m_ReceiveGI: 1
  m_PreserveUVs: 0
  m_IgnoreNormalsForChartDetection: 0
  m_ImportantGI: 0
  m_StitchLightmapSeams: 1
  m_SelectedEditorRenderState: 3
  m_MinimumChartSize: 4
  m_AutoUVMaxDistance: 0.5
  m_AutoUVMaxAngle: 89
  m_LightmapParameters: {fileID: 0}
  m_SortingLayerID: 0
  m_SortingLayer: 0
  m_SortingOrder: 0
--- !u!1 &5946200270814600471
GameObject:
  m_ObjectHideFlags: 0
  m_CorrespondingSourceObject: {fileID: 0}
  m_PrefabInstance: {fileID: 0}
  m_PrefabAsset: {fileID: 0}
  serializedVersion: 6
  m_Component:
  - component: {fileID: 5947176862487363867}
  - component: {fileID: 5977285455123613541}
  - component: {fileID: 5969273118059777213}
  - component: {fileID: 5946625238258368414}
  m_Layer: 0
  m_Name: Sig Sag 1x4
  m_TagString: Untagged
  m_Icon: {fileID: 0}
  m_NavMeshLayer: 0
  m_StaticEditorFlags: 4294967295
  m_IsActive: 1
--- !u!4 &5947176862487363867
Transform:
  m_ObjectHideFlags: 0
  m_CorrespondingSourceObject: {fileID: 0}
  m_PrefabInstance: {fileID: 0}
  m_PrefabAsset: {fileID: 0}
  m_GameObject: {fileID: 5946200270814600471}
  m_LocalRotation: {x: 0.0000018099951, y: -0, z: -0, w: 1}
  m_LocalPosition: {x: 2.33, y: -1.82, z: 1.18}
  m_LocalScale: {x: 0.8393614, y: 0.73241085, z: 0.73241085}
  m_Children: []
  m_Father: {fileID: 8879072092408435887}
  m_RootOrder: 4
  m_LocalEulerAnglesHint: {x: 0, y: 0, z: 0}
--- !u!33 &5977285455123613541
MeshFilter:
  m_ObjectHideFlags: 0
  m_CorrespondingSourceObject: {fileID: 0}
  m_PrefabInstance: {fileID: 0}
  m_PrefabAsset: {fileID: 0}
  m_GameObject: {fileID: 5946200270814600471}
  m_Mesh: {fileID: 4300000, guid: 064b3bc91fd633b41829407f0a6b0706, type: 3}
--- !u!23 &5969273118059777213
MeshRenderer:
  m_ObjectHideFlags: 0
  m_CorrespondingSourceObject: {fileID: 0}
  m_PrefabInstance: {fileID: 0}
  m_PrefabAsset: {fileID: 0}
  m_GameObject: {fileID: 5946200270814600471}
  m_Enabled: 1
  m_CastShadows: 1
  m_ReceiveShadows: 1
  m_DynamicOccludee: 1
  m_MotionVectors: 1
  m_LightProbeUsage: 1
  m_ReflectionProbeUsage: 1
  m_RenderingLayerMask: 1
  m_RendererPriority: 0
  m_Materials:
  - {fileID: 2100000, guid: 112495ee01e1b834a89c654405f9be48, type: 2}
  m_StaticBatchInfo:
    firstSubMesh: 0
    subMeshCount: 0
  m_StaticBatchRoot: {fileID: 0}
  m_ProbeAnchor: {fileID: 0}
  m_LightProbeVolumeOverride: {fileID: 0}
  m_ScaleInLightmap: 1
  m_ReceiveGI: 1
  m_PreserveUVs: 0
  m_IgnoreNormalsForChartDetection: 0
  m_ImportantGI: 0
  m_StitchLightmapSeams: 1
  m_SelectedEditorRenderState: 3
  m_MinimumChartSize: 4
  m_AutoUVMaxDistance: 0.5
  m_AutoUVMaxAngle: 89
  m_LightmapParameters: {fileID: 0}
  m_SortingLayerID: 0
  m_SortingLayer: 0
  m_SortingOrder: 0
--- !u!65 &5946625238258368414
BoxCollider:
  m_ObjectHideFlags: 0
  m_CorrespondingSourceObject: {fileID: 0}
  m_PrefabInstance: {fileID: 0}
  m_PrefabAsset: {fileID: 0}
  m_GameObject: {fileID: 5946200270814600471}
  m_Material: {fileID: 0}
  m_IsTrigger: 0
  m_Enabled: 1
  serializedVersion: 2
  m_Size: {x: 2.0000002, y: 8.000007, z: 2.000029}
  m_Center: {x: 0.00000017881392, y: 3.999996, z: -1.0000148}
--- !u!1 &5946200271158170383
GameObject:
  m_ObjectHideFlags: 0
  m_CorrespondingSourceObject: {fileID: 0}
  m_PrefabInstance: {fileID: 0}
  m_PrefabAsset: {fileID: 0}
  serializedVersion: 6
  m_Component:
  - component: {fileID: 5947176862409107601}
  - component: {fileID: 5977285453995977353}
  - component: {fileID: 5969273118817868437}
  m_Layer: 0
  m_Name: Fence 4 Dark (1)
  m_TagString: Untagged
  m_Icon: {fileID: 0}
  m_NavMeshLayer: 0
  m_StaticEditorFlags: 4294967295
  m_IsActive: 1
--- !u!4 &5947176862409107601
Transform:
  m_ObjectHideFlags: 0
  m_CorrespondingSourceObject: {fileID: 0}
  m_PrefabInstance: {fileID: 0}
  m_PrefabAsset: {fileID: 0}
  m_GameObject: {fileID: 5946200271158170383}
  m_LocalRotation: {x: 0.7202477, y: 0.012784902, z: 0.69347215, w: 0.013276314}
  m_LocalPosition: {x: 0.14901924, y: 2.0768256, z: 0.13400745}
  m_LocalScale: {x: 0.16705409, y: 0.16705418, z: 0.16705406}
  m_Children: []
  m_Father: {fileID: 8879072092408435887}
  m_RootOrder: 3
  m_LocalEulerAnglesHint: {x: 0.080000006, y: 92.16901, z: 177.889}
--- !u!33 &5977285453995977353
MeshFilter:
  m_ObjectHideFlags: 0
  m_CorrespondingSourceObject: {fileID: 0}
  m_PrefabInstance: {fileID: 0}
  m_PrefabAsset: {fileID: 0}
  m_GameObject: {fileID: 5946200271158170383}
  m_Mesh: {fileID: 4300000, guid: f113fdf35b07bda4a8569509d72f4599, type: 3}
--- !u!23 &5969273118817868437
MeshRenderer:
  m_ObjectHideFlags: 0
  m_CorrespondingSourceObject: {fileID: 0}
  m_PrefabInstance: {fileID: 0}
  m_PrefabAsset: {fileID: 0}
  m_GameObject: {fileID: 5946200271158170383}
  m_Enabled: 1
  m_CastShadows: 1
  m_ReceiveShadows: 1
  m_DynamicOccludee: 1
  m_MotionVectors: 1
  m_LightProbeUsage: 1
  m_ReflectionProbeUsage: 1
  m_RenderingLayerMask: 1
  m_RendererPriority: 0
  m_Materials:
  - {fileID: 2100000, guid: 112495ee01e1b834a89c654405f9be48, type: 2}
  m_StaticBatchInfo:
    firstSubMesh: 0
    subMeshCount: 0
  m_StaticBatchRoot: {fileID: 0}
  m_ProbeAnchor: {fileID: 0}
  m_LightProbeVolumeOverride: {fileID: 0}
  m_ScaleInLightmap: 1
  m_ReceiveGI: 1
  m_PreserveUVs: 0
  m_IgnoreNormalsForChartDetection: 0
  m_ImportantGI: 0
  m_StitchLightmapSeams: 1
  m_SelectedEditorRenderState: 3
  m_MinimumChartSize: 4
  m_AutoUVMaxDistance: 0.5
  m_AutoUVMaxAngle: 89
  m_LightmapParameters: {fileID: 0}
  m_SortingLayerID: 0
  m_SortingLayer: 0
  m_SortingOrder: 0
--- !u!1 &5946200271247066771
GameObject:
  m_ObjectHideFlags: 0
  m_CorrespondingSourceObject: {fileID: 0}
  m_PrefabInstance: {fileID: 0}
  m_PrefabAsset: {fileID: 0}
  serializedVersion: 6
  m_Component:
  - component: {fileID: 5947176862519442701}
  - component: {fileID: 5977285454024654613}
  - component: {fileID: 5969273119126900489}
  m_Layer: 0
  m_Name: Fence 4 Dark (4)
  m_TagString: Untagged
  m_Icon: {fileID: 0}
  m_NavMeshLayer: 0
  m_StaticEditorFlags: 4294967295
  m_IsActive: 1
--- !u!4 &5947176862519442701
Transform:
  m_ObjectHideFlags: 0
  m_CorrespondingSourceObject: {fileID: 0}
  m_PrefabInstance: {fileID: 0}
  m_PrefabAsset: {fileID: 0}
  m_GameObject: {fileID: 5946200271247066771}
  m_LocalRotation: {x: 0.7202477, y: 0.012784902, z: 0.69347215, w: 0.013276314}
  m_LocalPosition: {x: 0.14901924, y: 3.803825, z: 0.13400745}
  m_LocalScale: {x: 0.16705409, y: 0.16705418, z: 0.16705406}
  m_Children: []
  m_Father: {fileID: 8879072092408435887}
  m_RootOrder: 0
  m_LocalEulerAnglesHint: {x: 0.080000006, y: 92.16901, z: 177.889}
--- !u!33 &5977285454024654613
MeshFilter:
  m_ObjectHideFlags: 0
  m_CorrespondingSourceObject: {fileID: 0}
  m_PrefabInstance: {fileID: 0}
  m_PrefabAsset: {fileID: 0}
  m_GameObject: {fileID: 5946200271247066771}
  m_Mesh: {fileID: 4300000, guid: f113fdf35b07bda4a8569509d72f4599, type: 3}
--- !u!23 &5969273119126900489
MeshRenderer:
  m_ObjectHideFlags: 0
  m_CorrespondingSourceObject: {fileID: 0}
  m_PrefabInstance: {fileID: 0}
  m_PrefabAsset: {fileID: 0}
  m_GameObject: {fileID: 5946200271247066771}
  m_Enabled: 1
  m_CastShadows: 1
  m_ReceiveShadows: 1
  m_DynamicOccludee: 1
  m_MotionVectors: 1
  m_LightProbeUsage: 1
  m_ReflectionProbeUsage: 1
  m_RenderingLayerMask: 1
  m_RendererPriority: 0
  m_Materials:
  - {fileID: 2100000, guid: 112495ee01e1b834a89c654405f9be48, type: 2}
  m_StaticBatchInfo:
    firstSubMesh: 0
    subMeshCount: 0
  m_StaticBatchRoot: {fileID: 0}
  m_ProbeAnchor: {fileID: 0}
  m_LightProbeVolumeOverride: {fileID: 0}
  m_ScaleInLightmap: 1
  m_ReceiveGI: 1
  m_PreserveUVs: 0
  m_IgnoreNormalsForChartDetection: 0
  m_ImportantGI: 0
  m_StitchLightmapSeams: 1
  m_SelectedEditorRenderState: 3
  m_MinimumChartSize: 4
  m_AutoUVMaxDistance: 0.5
  m_AutoUVMaxAngle: 89
  m_LightmapParameters: {fileID: 0}
  m_SortingLayerID: 0
  m_SortingLayer: 0
  m_SortingOrder: 0
--- !u!1 &7110945877371524068
GameObject:
  m_ObjectHideFlags: 0
  m_CorrespondingSourceObject: {fileID: 0}
  m_PrefabInstance: {fileID: 0}
  m_PrefabAsset: {fileID: 0}
  serializedVersion: 6
  m_Component:
  - component: {fileID: 4572971269204950374}
  m_Layer: 0
  m_Name: GameObject
  m_TagString: Untagged
  m_Icon: {fileID: 0}
  m_NavMeshLayer: 0
  m_StaticEditorFlags: 0
  m_IsActive: 1
--- !u!4 &4572971269204950374
Transform:
  m_ObjectHideFlags: 0
  m_CorrespondingSourceObject: {fileID: 0}
  m_PrefabInstance: {fileID: 0}
  m_PrefabAsset: {fileID: 0}
  m_GameObject: {fileID: 7110945877371524068}
  m_LocalRotation: {x: 0, y: 0, z: 0, w: 1}
  m_LocalPosition: {x: 0, y: 0, z: 0}
  m_LocalScale: {x: 1, y: 1, z: 1}
  m_Children: []
  m_Father: {fileID: 8879072092408435887}
  m_RootOrder: 8
  m_LocalEulerAnglesHint: {x: 0, y: 0, z: 0}
--- !u!1 &8879072092408435872
GameObject:
  m_ObjectHideFlags: 0
  m_CorrespondingSourceObject: {fileID: 0}
  m_PrefabInstance: {fileID: 0}
  m_PrefabAsset: {fileID: 0}
  serializedVersion: 6
  m_Component:
  - component: {fileID: 8879072092408435887}
  m_Layer: 0
  m_Name: Dungeon Door 1 With Key
  m_TagString: Untagged
  m_Icon: {fileID: 0}
  m_NavMeshLayer: 0
  m_StaticEditorFlags: 0
  m_IsActive: 1
--- !u!4 &8879072092408435887
Transform:
  m_ObjectHideFlags: 0
  m_CorrespondingSourceObject: {fileID: 0}
  m_PrefabInstance: {fileID: 0}
  m_PrefabAsset: {fileID: 0}
  m_GameObject: {fileID: 8879072092408435872}
  m_LocalRotation: {x: 0, y: 0, z: 0, w: 1}
  m_LocalPosition: {x: 0, y: 9.51, z: -18.41}
  m_LocalScale: {x: 1, y: 1, z: 1}
  m_Children:
  - {fileID: 5947176862519442701}
  - {fileID: 5947176861771965620}
  - {fileID: 5947176863069920155}
  - {fileID: 5947176862409107601}
  - {fileID: 5947176862487363867}
  - {fileID: 8878557476284181379}
  - {fileID: 8878557474667501082}
  - {fileID: 2836554069769326032}
  - {fileID: 4572971269204950374}
  - {fileID: 2273390565483365942}
  m_Father: {fileID: 0}
  m_RootOrder: 0
  m_LocalEulerAnglesHint: {x: 0, y: 0, z: 0}
--- !u!1 &8879762039900239368
GameObject:
  m_ObjectHideFlags: 0
  m_CorrespondingSourceObject: {fileID: 0}
  m_PrefabInstance: {fileID: 0}
  m_PrefabAsset: {fileID: 0}
  serializedVersion: 6
  m_Component:
  - component: {fileID: 8878557474667501082}
  - component: {fileID: 8885021868165671478}
  - component: {fileID: 8892774615582139552}
  - component: {fileID: 8879072092244180191}
  m_Layer: 0
  m_Name: Block 1x5 (1)
  m_TagString: Untagged
  m_Icon: {fileID: 0}
  m_NavMeshLayer: 0
  m_StaticEditorFlags: 4294967295
  m_IsActive: 1
--- !u!4 &8878557474667501082
Transform:
  m_ObjectHideFlags: 0
  m_CorrespondingSourceObject: {fileID: 0}
  m_PrefabInstance: {fileID: 0}
  m_PrefabAsset: {fileID: 0}
  m_GameObject: {fileID: 8879762039900239368}
  m_LocalRotation: {x: 0.0000018099951, y: -0, z: -0, w: 1}
  m_LocalPosition: {x: -1, y: -1.81, z: 0.18}
  m_LocalScale: {x: 0.24002054, y: 0.33583257, z: 0.27414}
  m_Children: []
  m_Father: {fileID: 8879072092408435887}
  m_RootOrder: 6
  m_LocalEulerAnglesHint: {x: 0, y: 0, z: 0}
--- !u!33 &8885021868165671478
MeshFilter:
  m_ObjectHideFlags: 0
  m_CorrespondingSourceObject: {fileID: 0}
  m_PrefabInstance: {fileID: 0}
  m_PrefabAsset: {fileID: 0}
  m_GameObject: {fileID: 8879762039900239368}
  m_Mesh: {fileID: 4300000, guid: 360d04f4e30eda94f80032f4395bae8a, type: 3}
--- !u!23 &8892774615582139552
MeshRenderer:
  m_ObjectHideFlags: 0
  m_CorrespondingSourceObject: {fileID: 0}
  m_PrefabInstance: {fileID: 0}
  m_PrefabAsset: {fileID: 0}
  m_GameObject: {fileID: 8879762039900239368}
  m_Enabled: 1
  m_CastShadows: 1
  m_ReceiveShadows: 1
  m_DynamicOccludee: 1
  m_MotionVectors: 1
  m_LightProbeUsage: 1
  m_ReflectionProbeUsage: 1
  m_RenderingLayerMask: 1
  m_RendererPriority: 0
  m_Materials:
  - {fileID: 2100000, guid: 112495ee01e1b834a89c654405f9be48, type: 2}
  m_StaticBatchInfo:
    firstSubMesh: 0
    subMeshCount: 0
  m_StaticBatchRoot: {fileID: 0}
  m_ProbeAnchor: {fileID: 0}
  m_LightProbeVolumeOverride: {fileID: 0}
  m_ScaleInLightmap: 1
  m_ReceiveGI: 1
  m_PreserveUVs: 0
  m_IgnoreNormalsForChartDetection: 0
  m_ImportantGI: 0
  m_StitchLightmapSeams: 1
  m_SelectedEditorRenderState: 3
  m_MinimumChartSize: 4
  m_AutoUVMaxDistance: 0.5
  m_AutoUVMaxAngle: 89
  m_LightmapParameters: {fileID: 0}
  m_SortingLayerID: 0
  m_SortingLayer: 0
  m_SortingOrder: 0
--- !u!65 &8879072092244180191
BoxCollider:
  m_ObjectHideFlags: 0
  m_CorrespondingSourceObject: {fileID: 0}
  m_PrefabInstance: {fileID: 0}
  m_PrefabAsset: {fileID: 0}
  m_GameObject: {fileID: 8879762039900239368}
  m_Material: {fileID: 0}
  m_IsTrigger: 0
  m_Enabled: 1
  serializedVersion: 2
  m_Size: {x: 2, y: 10.000007, z: 2.0000367}
  m_Center: {x: 0, y: 5.0000005, z: -0.000016212465}
--- !u!1 &8879762040449452945
GameObject:
  m_ObjectHideFlags: 0
  m_CorrespondingSourceObject: {fileID: 0}
  m_PrefabInstance: {fileID: 0}
  m_PrefabAsset: {fileID: 0}
  serializedVersion: 6
  m_Component:
  - component: {fileID: 8878557476284181379}
  - component: {fileID: 8885021866547943343}
  - component: {fileID: 8892774617200908601}
  - component: {fileID: 8879072091718074692}
  m_Layer: 0
  m_Name: Block 1x5
  m_TagString: Untagged
  m_Icon: {fileID: 0}
  m_NavMeshLayer: 0
  m_StaticEditorFlags: 4294967295
  m_IsActive: 1
--- !u!4 &8878557476284181379
Transform:
  m_ObjectHideFlags: 0
  m_CorrespondingSourceObject: {fileID: 0}
  m_PrefabInstance: {fileID: 0}
  m_PrefabAsset: {fileID: 0}
  m_GameObject: {fileID: 8879762040449452945}
  m_LocalRotation: {x: 0.0000018099951, y: -0, z: -0, w: 1}
  m_LocalPosition: {x: 1.276, y: -1.8099995, z: 0.1800003}
  m_LocalScale: {x: 0.24002054, y: 0.33583257, z: 0.27414}
  m_Children: []
  m_Father: {fileID: 8879072092408435887}
  m_RootOrder: 5
  m_LocalEulerAnglesHint: {x: 0, y: 0, z: 0}
--- !u!33 &8885021866547943343
MeshFilter:
  m_ObjectHideFlags: 0
  m_CorrespondingSourceObject: {fileID: 0}
  m_PrefabInstance: {fileID: 0}
  m_PrefabAsset: {fileID: 0}
  m_GameObject: {fileID: 8879762040449452945}
  m_Mesh: {fileID: 4300000, guid: 360d04f4e30eda94f80032f4395bae8a, type: 3}
--- !u!23 &8892774617200908601
MeshRenderer:
  m_ObjectHideFlags: 0
  m_CorrespondingSourceObject: {fileID: 0}
  m_PrefabInstance: {fileID: 0}
  m_PrefabAsset: {fileID: 0}
  m_GameObject: {fileID: 8879762040449452945}
  m_Enabled: 1
  m_CastShadows: 1
  m_ReceiveShadows: 1
  m_DynamicOccludee: 1
  m_MotionVectors: 1
  m_LightProbeUsage: 1
  m_ReflectionProbeUsage: 1
  m_RenderingLayerMask: 1
  m_RendererPriority: 0
  m_Materials:
  - {fileID: 2100000, guid: 112495ee01e1b834a89c654405f9be48, type: 2}
  m_StaticBatchInfo:
    firstSubMesh: 0
    subMeshCount: 0
  m_StaticBatchRoot: {fileID: 0}
  m_ProbeAnchor: {fileID: 0}
  m_LightProbeVolumeOverride: {fileID: 0}
  m_ScaleInLightmap: 1
  m_ReceiveGI: 1
  m_PreserveUVs: 0
  m_IgnoreNormalsForChartDetection: 0
  m_ImportantGI: 0
  m_StitchLightmapSeams: 1
  m_SelectedEditorRenderState: 3
  m_MinimumChartSize: 4
  m_AutoUVMaxDistance: 0.5
  m_AutoUVMaxAngle: 89
  m_LightmapParameters: {fileID: 0}
  m_SortingLayerID: 0
  m_SortingLayer: 0
  m_SortingOrder: 0
--- !u!65 &8879072091718074692
BoxCollider:
  m_ObjectHideFlags: 0
  m_CorrespondingSourceObject: {fileID: 0}
  m_PrefabInstance: {fileID: 0}
  m_PrefabAsset: {fileID: 0}
  m_GameObject: {fileID: 8879762040449452945}
  m_Material: {fileID: 0}
  m_IsTrigger: 0
  m_Enabled: 1
  serializedVersion: 2
  m_Size: {x: 2, y: 10.000007, z: 2.0000367}
  m_Center: {x: 0.0000076293945, y: 5.0000005, z: -0.000016212465}
--- !u!1001 &7745120534324862755
PrefabInstance:
  m_ObjectHideFlags: 0
  serializedVersion: 2
  m_Modification:
    m_TransformParent: {fileID: 8879072092408435887}
    m_Modifications:
    - target: {fileID: 8463235286877037445, guid: bea3b916d1911234e9c42e61674a5ad9,
        type: 3}
      propertyPath: m_Name
      value: DoorPivotObject
      objectReference: {fileID: 0}
    - target: {fileID: 8426383042881788181, guid: bea3b916d1911234e9c42e61674a5ad9,
        type: 3}
      propertyPath: m_LocalPosition.x
      value: 1.045
      objectReference: {fileID: 0}
    - target: {fileID: 8426383042881788181, guid: bea3b916d1911234e9c42e61674a5ad9,
        type: 3}
      propertyPath: m_LocalPosition.y
      value: -0.123
      objectReference: {fileID: 0}
    - target: {fileID: 8426383042881788181, guid: bea3b916d1911234e9c42e61674a5ad9,
        type: 3}
      propertyPath: m_LocalPosition.z
      value: 0
      objectReference: {fileID: 0}
    - target: {fileID: 8426383042881788181, guid: bea3b916d1911234e9c42e61674a5ad9,
        type: 3}
      propertyPath: m_LocalRotation.x
      value: -0
      objectReference: {fileID: 0}
    - target: {fileID: 8426383042881788181, guid: bea3b916d1911234e9c42e61674a5ad9,
        type: 3}
      propertyPath: m_LocalRotation.y
      value: -0.3260073
      objectReference: {fileID: 0}
    - target: {fileID: 8426383042881788181, guid: bea3b916d1911234e9c42e61674a5ad9,
        type: 3}
      propertyPath: m_LocalRotation.z
      value: -0
      objectReference: {fileID: 0}
    - target: {fileID: 8426383042881788181, guid: bea3b916d1911234e9c42e61674a5ad9,
        type: 3}
      propertyPath: m_LocalRotation.w
      value: 0.9453673
      objectReference: {fileID: 0}
    - target: {fileID: 8426383042881788181, guid: bea3b916d1911234e9c42e61674a5ad9,
        type: 3}
      propertyPath: m_RootOrder
      value: 9
      objectReference: {fileID: 0}
    - target: {fileID: 8426383042881788181, guid: bea3b916d1911234e9c42e61674a5ad9,
        type: 3}
      propertyPath: m_LocalEulerAnglesHint.x
      value: 0
      objectReference: {fileID: 0}
    - target: {fileID: 8426383042881788181, guid: bea3b916d1911234e9c42e61674a5ad9,
        type: 3}
      propertyPath: m_LocalEulerAnglesHint.y
      value: -38.053
      objectReference: {fileID: 0}
    - target: {fileID: 8426383042881788181, guid: bea3b916d1911234e9c42e61674a5ad9,
        type: 3}
      propertyPath: m_LocalEulerAnglesHint.z
      value: 0
      objectReference: {fileID: 0}
    m_RemovedComponents: []
  m_SourcePrefab: {fileID: 100100000, guid: bea3b916d1911234e9c42e61674a5ad9, type: 3}
--- !u!4 &2273390565483365942 stripped
Transform:
  m_CorrespondingSourceObject: {fileID: 8426383042881788181, guid: bea3b916d1911234e9c42e61674a5ad9,
    type: 3}
  m_PrefabInstance: {fileID: 7745120534324862755}
  m_PrefabAsset: {fileID: 0}
